{
  "exchange": "coinbase",
  "symbol": "BTC-USD",
  "trade_count": 500,
  "first_timestamp": 1754954816.642555,
  "last_timestamp": 1754954861.52411,
  "first_datetime": "2025-08-11T16:26:56.642555",
  "last_datetime": "2025-08-11T16:27:41.524110",
  "data": [
    {
      "timestamp": 1754954816.642555,
      "datetime": "2025-08-11T23:26:56.642555Z",
      "trade_id": "860285179",
      "price": 118789.48,
      "size": 0.00138846,
      "side": "buy",
      "exchange": "coinbase",
      "symbol": "BTC-USD"
    },
    {
      "timestamp": 1754954817.068115,
      "datetime": "2025-08-11T23:26:57.068115Z",
      "trade_id": "860285180",
      "price": 118789.49,
      "size": 0.00022902,
      "side": "sell",
      "exchange": "coinbase",
      "symbol": "BTC-USD"
    },
    {
      "timestamp": 1754954817.239761,
      "datetime": "2025-08-11T23:26:57.239761Z",
      "trade_id": "860285181",
      "price": 118789.49,
      "size": 0.00015968,
      "side": "sell",
      "exchange": "coinbase",
      "symbol": "BTC-USD"
    },
    {
      "timestamp": 1754954817.240519,
      "datetime": "2025-08-11T23:26:57.240519Z",
      "trade_id": "860285182",
      "price": 118789.49,
      "size": 0.00023954,
      "side": "sell",
      "exchange": "coinbase",
      "symbol": "BTC-USD"
    },
    {
      "timestamp": 1754954817.439121,
      "datetime": "2025-08-11T23:26:57.439121Z",
      "trade_id": "860285183",
      "price": 118789.49,
      "size": 0.00055901,
      "side": "sell",
      "exchange": "coinbase",
      "symbol": "BTC-USD"
    },
    {
      "timestamp": 1754954817.66707,
      "datetime": "2025-08-11T23:26:57.667070Z",
      "trade_id": "860285185",
      "price": 118789.49,
      "size": 2.51e-06,
      "side": "sell",
      "exchange": "coinbase",
      "symbol": "BTC-USD"
    },
    {
      "timestamp": 1754954817.66707,
      "datetime": "2025-08-11T23:26:57.667070Z",
      "trade_id": "860285184",
      "price": 118789.49,
      "size": 1.93e-06,
      "side": "sell",
      "exchange": "coinbase",
      "symbol": "BTC-USD"
    },
    {
      "timestamp": 1754954817.845476,
      "datetime": "2025-08-11T23:26:57.845476Z",
      "trade_id": "860285187",
      "price": 118789.49,
      "size": 6.277e-05,
      "side": "sell",
      "exchange": "coinbase",
      "symbol": "BTC-USD"
    },
    {
      "timestamp": 1754954817.845476,
      "datetime": "2025-08-11T23:26:57.845476Z",
      "trade_id": "860285186",
      "price": 118789.49,
      "size": 0.00010083,
      "side": "sell",
      "exchange": "coinbase",
      "symbol": "BTC-USD"
    },
    {
      "timestamp": 1754954817.845476,
      "datetime": "2025-08-11T23:26:57.845476Z",
      "trade_id": "860285187",
      "price": 118789.49,
      "size": 6.277e-05,
      "side": "sell",
      "exchange": "coinbase",
      "symbol": "BTC-USD"
    },
    {
      "timestamp": 1754954817.845476,
      "datetime": "2025-08-11T23:26:57.845476Z",
      "trade_id": "860285186",
      "price": 118789.49,
      "size": 0.00010083,
      "side": "sell",
      "exchange": "coinbase",
      "symbol": "BTC-USD"
    },
    {
      "timestamp": 1754954817.968596,
      "datetime": "2025-08-11T23:26:57.968596Z",
      "trade_id": "860285188",
      "price": 118789.49,
      "size": 4.25e-06,
      "side": "sell",
      "exchange": "coinbase",
      "symbol": "BTC-USD"
    },
    {
      "timestamp": 1754954817.968596,
      "datetime": "2025-08-11T23:26:57.968596Z",
      "trade_id": "860285188",
      "price": 118789.49,
      "size": 4.25e-06,
      "side": "sell",
      "exchange": "coinbase",
      "symbol": "BTC-USD"
    },
    {
      "timestamp": 1754954818.3978,
      "datetime": "2025-08-11T23:26:58.397800Z",
      "trade_id": "860285190",
      "price": 118789.49,
      "size": 0.00081197,
      "side": "sell",
      "exchange": "coinbase",
      "symbol": "BTC-USD"
    },
    {
      "timestamp": 1754954818.3978,
      "datetime": "2025-08-11T23:26:58.397800Z",
      "trade_id": "860285189",
      "price": 118789.49,
      "size": 0.0001397,
      "side": "sell",
      "exchange": "coinbase",
      "symbol": "BTC-USD"
    },
    {
      "timestamp": 1754954818.3978,
      "datetime": "2025-08-11T23:26:58.397800Z",
      "trade_id": "860285190",
      "price": 118789.49,
      "size": 0.00081197,
      "side": "sell",
      "exchange": "coinbase",
      "symbol": "BTC-USD"
    },
    {
      "timestamp": 1754954818.3978,
      "datetime": "2025-08-11T23:26:58.397800Z",
      "trade_id": "860285189",
      "price": 118789.49,
      "size": 0.0001397,
      "side": "sell",
      "exchange": "coinbase",
      "symbol": "BTC-USD"
    },
    {
      "timestamp": 1754954818.3978,
      "datetime": "2025-08-11T23:26:58.397800Z",
      "trade_id": "860285190",
      "price": 118789.49,
      "size": 0.00081197,
      "side": "sell",
      "exchange": "coinbase",
      "symbol": "BTC-USD"
    },
    {
      "timestamp": 1754954818.3978,
      "datetime": "2025-08-11T23:26:58.397800Z",
      "trade_id": "860285189",
      "price": 118789.49,
      "size": 0.0001397,
      "side": "sell",
      "exchange": "coinbase",
      "symbol": "BTC-USD"
    },
    {
      "timestamp": 1754954818.52308,
      "datetime": "2025-08-11T23:26:58.523080Z",
      "trade_id": "860285194",
      "price": 118789.46,
      "size": 9e-06,
      "side": "buy",
      "exchange": "coinbase",
      "symbol": "BTC-USD"
    },
    {
      "timestamp": 1754954818.52308,
      "datetime": "2025-08-11T23:26:58.523080Z",
      "trade_id": "860285193",
      "price": 118789.46,
      "size": 0.01367,
      "side": "buy",
      "exchange": "coinbase",
      "symbol": "BTC-USD"
    },
    {
      "timestamp": 1754954818.52308,
      "datetime": "2025-08-11T23:26:58.523080Z",
      "trade_id": "860285192",
      "price": 118789.48,
      "size": 2.185e-05,
      "side": "buy",
      "exchange": "coinbase",
      "symbol": "BTC-USD"
    },
    {
      "timestamp": 1754954818.52308,
      "datetime": "2025-08-11T23:26:58.523080Z",
      "trade_id": "860285191",
      "price": 118789.48,
      "size": 0.02057805,
      "side": "buy",
      "exchange": "coinbase",
      "symbol": "BTC-USD"
    },
    {
      "timestamp": 1754954818.52308,
      "datetime": "2025-08-11T23:26:58.523080Z",
      "trade_id": "860285194",
      "price": 118789.46,
      "size": 9e-06,
      "side": "buy",
      "exchange": "coinbase",
      "symbol": "BTC-USD"
    },
    {
      "timestamp": 1754954818.52308,
      "datetime": "2025-08-11T23:26:58.523080Z",
      "trade_id": "860285193",
      "price": 118789.46,
      "size": 0.01367,
      "side": "buy",
      "exchange": "coinbase",
      "symbol": "BTC-USD"
    },
    {
      "timestamp": 1754954818.52308,
      "datetime": "2025-08-11T23:26:58.523080Z",
      "trade_id": "860285192",
      "price": 118789.48,
      "size": 2.185e-05,
      "side": "buy",
      "exchange": "coinbase",
      "symbol": "BTC-USD"
    },
    {
      "timestamp": 1754954818.52308,
      "datetime": "2025-08-11T23:26:58.523080Z",
      "trade_id": "860285191",
      "price": 118789.48,
      "size": 0.02057805,
      "side": "buy",
      "exchange": "coinbase",
      "symbol": "BTC-USD"
    },
    {
      "timestamp": 1754954818.52308,
      "datetime": "2025-08-11T23:26:58.523080Z",
      "trade_id": "860285194",
      "price": 118789.46,
      "size": 9e-06,
      "side": "buy",
      "exchange": "coinbase",
      "symbol": "BTC-USD"
    },
    {
      "timestamp": 1754954818.52308,
      "datetime": "2025-08-11T23:26:58.523080Z",
      "trade_id": "860285193",
      "price": 118789.46,
      "size": 0.01367,
      "side": "buy",
      "exchange": "coinbase",
      "symbol": "BTC-USD"
    },
    {
      "timestamp": 1754954818.52308,
      "datetime": "2025-08-11T23:26:58.523080Z",
      "trade_id": "860285192",
      "price": 118789.48,
      "size": 2.185e-05,
      "side": "buy",
      "exchange": "coinbase",
      "symbol": "BTC-USD"
    },
    {
      "timestamp": 1754954818.52308,
      "datetime": "2025-08-11T23:26:58.523080Z",
      "trade_id": "860285191",
      "price": 118789.48,
      "size": 0.02057805,
      "side": "buy",
      "exchange": "coinbase",
      "symbol": "BTC-USD"
    },
    {
      "timestamp": 1754954818.52308,
      "datetime": "2025-08-11T23:26:58.523080Z",
      "trade_id": "860285194",
      "price": 118789.46,
      "size": 9e-06,
      "side": "buy",
      "exchange": "coinbase",
      "symbol": "BTC-USD"
    },
    {
      "timestamp": 1754954818.818924,
      "datetime": "2025-08-11T23:26:58.818924Z",
      "trade_id": "860285195",
      "price": 118778.02,
      "size": 3.338e-05,
      "side": "sell",
      "exchange": "coinbase",
      "symbol": "BTC-USD"
    },
    {
      "timestamp": 1754954818.818924,
      "datetime": "2025-08-11T23:26:58.818924Z",
      "trade_id": "860285195",
      "price": 118778.02,
      "size": 3.338e-05,
      "side": "sell",
      "exchange": "coinbase",
      "symbol": "BTC-USD"
    },
    {
      "timestamp": 1754954818.818924,
      "datetime": "2025-08-11T23:26:58.818924Z",
      "trade_id": "860285195",
      "price": 118778.02,
      "size": 3.338e-05,
      "side": "sell",
      "exchange": "coinbase",
      "symbol": "BTC-USD"
    },
    {
      "timestamp": 1754954818.818924,
      "datetime": "2025-08-11T23:26:58.818924Z",
      "trade_id": "860285195",
      "price": 118778.02,
      "size": 3.338e-05,
      "side": "sell",
      "exchange": "coinbase",
      "symbol": "BTC-USD"
    },
    {
      "timestamp": 1754954818.818924,
      "datetime": "2025-08-11T23:26:58.818924Z",
      "trade_id": "860285195",
      "price": 118778.02,
      "size": 3.338e-05,
      "side": "sell",
      "exchange": "coinbase",
      "symbol": "BTC-USD"
    },
    {
      "timestamp": 1754954818.840178,
      "datetime": "2025-08-11T23:26:58.840178Z",
      "trade_id": "860285198",
      "price": 118769.48,
      "size": 0.00013442,
      "side": "buy",
      "exchange": "coinbase",
      "symbol": "BTC-USD"
    },
    {
      "timestamp": 1754954818.840178,
      "datetime": "2025-08-11T23:26:58.840178Z",
      "trade_id": "860285197",
      "price": 118769.48,
      "size": 1e-05,
      "side": "buy",
      "exchange": "coinbase",
      "symbol": "BTC-USD"
    },
    {
      "timestamp": 1754954818.840178,
      "datetime": "2025-08-11T23:26:58.840178Z",
      "trade_id": "860285196",
      "price": 118777.87,
      "size": 0.00010813,
      "side": "buy",
      "exchange": "coinbase",
      "symbol": "BTC-USD"
    },
    {
      "timestamp": 1754954818.840178,
      "datetime": "2025-08-11T23:26:58.840178Z",
      "trade_id": "860285198",
      "price": 118769.48,
      "size": 0.00013442,
      "side": "buy",
      "exchange": "coinbase",
      "symbol": "BTC-USD"
    },
    {
      "timestamp": 1754954818.840178,
      "datetime": "2025-08-11T23:26:58.840178Z",
      "trade_id": "860285197",
      "price": 118769.48,
      "size": 1e-05,
      "side": "buy",
      "exchange": "coinbase",
      "symbol": "BTC-USD"
    },
    {
      "timestamp": 1754954818.840178,
      "datetime": "2025-08-11T23:26:58.840178Z",
      "trade_id": "860285196",
      "price": 118777.87,
      "size": 0.00010813,
      "side": "buy",
      "exchange": "coinbase",
      "symbol": "BTC-USD"
    },
    {
      "timestamp": 1754954818.840178,
      "datetime": "2025-08-11T23:26:58.840178Z",
      "trade_id": "860285198",
      "price": 118769.48,
      "size": 0.00013442,
      "side": "buy",
      "exchange": "coinbase",
      "symbol": "BTC-USD"
    },
    {
      "timestamp": 1754954818.840178,
      "datetime": "2025-08-11T23:26:58.840178Z",
      "trade_id": "860285197",
      "price": 118769.48,
      "size": 1e-05,
      "side": "buy",
      "exchange": "coinbase",
      "symbol": "BTC-USD"
    },
    {
      "timestamp": 1754954818.840178,
      "datetime": "2025-08-11T23:26:58.840178Z",
      "trade_id": "860285196",
      "price": 118777.87,
      "size": 0.00010813,
      "side": "buy",
      "exchange": "coinbase",
      "symbol": "BTC-USD"
    },
    {
      "timestamp": 1754954818.840178,
      "datetime": "2025-08-11T23:26:58.840178Z",
      "trade_id": "860285198",
      "price": 118769.48,
      "size": 0.00013442,
      "side": "buy",
      "exchange": "coinbase",
      "symbol": "BTC-USD"
    },
    {
      "timestamp": 1754954818.840178,
      "datetime": "2025-08-11T23:26:58.840178Z",
      "trade_id": "860285197",
      "price": 118769.48,
      "size": 1e-05,
      "side": "buy",
      "exchange": "coinbase",
      "symbol": "BTC-USD"
    },
    {
      "timestamp": 1754954818.840178,
      "datetime": "2025-08-11T23:26:58.840178Z",
      "trade_id": "860285196",
      "price": 118777.87,
      "size": 0.00010813,
      "side": "buy",
      "exchange": "coinbase",
      "symbol": "BTC-USD"
    },
    {
      "timestamp": 1754954818.840178,
      "datetime": "2025-08-11T23:26:58.840178Z",
      "trade_id": "860285196",
      "price": 118777.87,
      "size": 0.00010813,
      "side": "buy",
      "exchange": "coinbase",
      "symbol": "BTC-USD"
    },
    {
      "timestamp": 1754954818.840178,
      "datetime": "2025-08-11T23:26:58.840178Z",
      "trade_id": "860285197",
      "price": 118769.48,
      "size": 1e-05,
      "side": "buy",
      "exchange": "coinbase",
      "symbol": "BTC-USD"
    },
    {
      "timestamp": 1754954818.840178,
      "datetime": "2025-08-11T23:26:58.840178Z",
      "trade_id": "860285198",
      "price": 118769.48,
      "size": 0.00013442,
      "side": "buy",
      "exchange": "coinbase",
      "symbol": "BTC-USD"
    },
    {
      "timestamp": 1754954820.569712,
      "datetime": "2025-08-11T23:27:00.569712Z",
      "trade_id": "860285200",
      "price": 118777.02,
      "size": 0.00812745,
      "side": "sell",
      "exchange": "coinbase",
      "symbol": "BTC-USD"
    },
    {
      "timestamp": 1754954820.569712,
      "datetime": "2025-08-11T23:27:00.569712Z",
      "trade_id": "860285199",
      "price": 118774.05,
      "size": 0.00020672,
      "side": "sell",
      "exchange": "coinbase",
      "symbol": "BTC-USD"
    },
    {
      "timestamp": 1754954820.569712,
      "datetime": "2025-08-11T23:27:00.569712Z",
      "trade_id": "860285200",
      "price": 118777.02,
      "size": 0.00812745,
      "side": "sell",
      "exchange": "coinbase",
      "symbol": "BTC-USD"
    },
    {
      "timestamp": 1754954820.569712,
      "datetime": "2025-08-11T23:27:00.569712Z",
      "trade_id": "860285199",
      "price": 118774.05,
      "size": 0.00020672,
      "side": "sell",
      "exchange": "coinbase",
      "symbol": "BTC-USD"
    },
    {
      "timestamp": 1754954820.569712,
      "datetime": "2025-08-11T23:27:00.569712Z",
      "trade_id": "860285200",
      "price": 118777.02,
      "size": 0.00812745,
      "side": "sell",
      "exchange": "coinbase",
      "symbol": "BTC-USD"
    },
    {
      "timestamp": 1754954820.569712,
      "datetime": "2025-08-11T23:27:00.569712Z",
      "trade_id": "860285199",
      "price": 118774.05,
      "size": 0.00020672,
      "side": "sell",
      "exchange": "coinbase",
      "symbol": "BTC-USD"
    },
    {
      "timestamp": 1754954820.569712,
      "datetime": "2025-08-11T23:27:00.569712Z",
      "trade_id": "860285200",
      "price": 118777.02,
      "size": 0.00812745,
      "side": "sell",
      "exchange": "coinbase",
      "symbol": "BTC-USD"
    },
    {
      "timestamp": 1754954820.569712,
      "datetime": "2025-08-11T23:27:00.569712Z",
      "trade_id": "860285199",
      "price": 118774.05,
      "size": 0.00020672,
      "side": "sell",
      "exchange": "coinbase",
      "symbol": "BTC-USD"
    },
    {
      "timestamp": 1754954820.569712,
      "datetime": "2025-08-11T23:27:00.569712Z",
      "trade_id": "860285199",
      "price": 118774.05,
      "size": 0.00020672,
      "side": "sell",
      "exchange": "coinbase",
      "symbol": "BTC-USD"
    },
    {
      "timestamp": 1754954820.569712,
      "datetime": "2025-08-11T23:27:00.569712Z",
      "trade_id": "860285200",
      "price": 118777.02,
      "size": 0.00812745,
      "side": "sell",
      "exchange": "coinbase",
      "symbol": "BTC-USD"
    },
    {
      "timestamp": 1754954822.296732,
      "datetime": "2025-08-11T23:27:02.296732Z",
      "trade_id": "860285203",
      "price": 118773.67,
      "size": 0.00378155,
      "side": "buy",
      "exchange": "coinbase",
      "symbol": "BTC-USD"
    },
    {
      "timestamp": 1754954822.296732,
      "datetime": "2025-08-11T23:27:02.296732Z",
      "trade_id": "860285202",
      "price": 118776.49,
      "size": 0.00173603,
      "side": "buy",
      "exchange": "coinbase",
      "symbol": "BTC-USD"
    },
    {
      "timestamp": 1754954822.296732,
      "datetime": "2025-08-11T23:27:02.296732Z",
      "trade_id": "860285201",
      "price": 118778.07,
      "size": 9e-06,
      "side": "buy",
      "exchange": "coinbase",
      "symbol": "BTC-USD"
    },
    {
      "timestamp": 1754954822.296732,
      "datetime": "2025-08-11T23:27:02.296732Z",
      "trade_id": "860285203",
      "price": 118773.67,
      "size": 0.00378155,
      "side": "buy",
      "exchange": "coinbase",
      "symbol": "BTC-USD"
    },
    {
      "timestamp": 1754954822.296732,
      "datetime": "2025-08-11T23:27:02.296732Z",
      "trade_id": "860285202",
      "price": 118776.49,
      "size": 0.00173603,
      "side": "buy",
      "exchange": "coinbase",
      "symbol": "BTC-USD"
    },
    {
      "timestamp": 1754954822.296732,
      "datetime": "2025-08-11T23:27:02.296732Z",
      "trade_id": "860285201",
      "price": 118778.07,
      "size": 9e-06,
      "side": "buy",
      "exchange": "coinbase",
      "symbol": "BTC-USD"
    },
    {
      "timestamp": 1754954822.296732,
      "datetime": "2025-08-11T23:27:02.296732Z",
      "trade_id": "860285203",
      "price": 118773.67,
      "size": 0.00378155,
      "side": "buy",
      "exchange": "coinbase",
      "symbol": "BTC-USD"
    },
    {
      "timestamp": 1754954822.296732,
      "datetime": "2025-08-11T23:27:02.296732Z",
      "trade_id": "860285202",
      "price": 118776.49,
      "size": 0.00173603,
      "side": "buy",
      "exchange": "coinbase",
      "symbol": "BTC-USD"
    },
    {
      "timestamp": 1754954822.296732,
      "datetime": "2025-08-11T23:27:02.296732Z",
      "trade_id": "860285201",
      "price": 118778.07,
      "size": 9e-06,
      "side": "buy",
      "exchange": "coinbase",
      "symbol": "BTC-USD"
    },
    {
      "timestamp": 1754954822.296732,
      "datetime": "2025-08-11T23:27:02.296732Z",
      "trade_id": "860285203",
      "price": 118773.67,
      "size": 0.00378155,
      "side": "buy",
      "exchange": "coinbase",
      "symbol": "BTC-USD"
    },
    {
      "timestamp": 1754954822.296732,
      "datetime": "2025-08-11T23:27:02.296732Z",
      "trade_id": "860285202",
      "price": 118776.49,
      "size": 0.00173603,
      "side": "buy",
      "exchange": "coinbase",
      "symbol": "BTC-USD"
    },
    {
      "timestamp": 1754954822.296732,
      "datetime": "2025-08-11T23:27:02.296732Z",
      "trade_id": "860285201",
      "price": 118778.07,
      "size": 9e-06,
      "side": "buy",
      "exchange": "coinbase",
      "symbol": "BTC-USD"
    },
    {
      "timestamp": 1754954822.296732,
      "datetime": "2025-08-11T23:27:02.296732Z",
      "trade_id": "860285201",
      "price": 118778.07,
      "size": 9e-06,
      "side": "buy",
      "exchange": "coinbase",
      "symbol": "BTC-USD"
    },
    {
      "timestamp": 1754954822.296732,
      "datetime": "2025-08-11T23:27:02.296732Z",
      "trade_id": "860285202",
      "price": 118776.49,
      "size": 0.00173603,
      "side": "buy",
      "exchange": "coinbase",
      "symbol": "BTC-USD"
    },
    {
      "timestamp": 1754954822.296732,
      "datetime": "2025-08-11T23:27:02.296732Z",
      "trade_id": "860285203",
      "price": 118773.67,
      "size": 0.00378155,
      "side": "buy",
      "exchange": "coinbase",
      "symbol": "BTC-USD"
    },
    {
      "timestamp": 1754954822.386721,
      "datetime": "2025-08-11T23:27:02.386721Z",
      "trade_id": "860285204",
      "price": 118773.92,
      "size": 0.00425122,
      "side": "buy",
      "exchange": "coinbase",
      "symbol": "BTC-USD"
    },
    {
      "timestamp": 1754954822.386721,
      "datetime": "2025-08-11T23:27:02.386721Z",
      "trade_id": "860285204",
      "price": 118773.92,
      "size": 0.00425122,
      "side": "buy",
      "exchange": "coinbase",
      "symbol": "BTC-USD"
    },
    {
      "timestamp": 1754954822.386721,
      "datetime": "2025-08-11T23:27:02.386721Z",
      "trade_id": "860285204",
      "price": 118773.92,
      "size": 0.00425122,
      "side": "buy",
      "exchange": "coinbase",
      "symbol": "BTC-USD"
    },
    {
      "timestamp": 1754954822.386721,
      "datetime": "2025-08-11T23:27:02.386721Z",
      "trade_id": "860285204",
      "price": 118773.92,
      "size": 0.00425122,
      "side": "buy",
      "exchange": "coinbase",
      "symbol": "BTC-USD"
    },
    {
      "timestamp": 1754954822.386721,
      "datetime": "2025-08-11T23:27:02.386721Z",
      "trade_id": "860285204",
      "price": 118773.92,
      "size": 0.00425122,
      "side": "buy",
      "exchange": "coinbase",
      "symbol": "BTC-USD"
    },
    {
      "timestamp": 1754954823.286719,
      "datetime": "2025-08-11T23:27:03.286719Z",
      "trade_id": "860285205",
      "price": 118778.93,
      "size": 0.00083841,
      "side": "sell",
      "exchange": "coinbase",
      "symbol": "BTC-USD"
    },
    {
      "timestamp": 1754954823.286719,
      "datetime": "2025-08-11T23:27:03.286719Z",
      "trade_id": "860285205",
      "price": 118778.93,
      "size": 0.00083841,
      "side": "sell",
      "exchange": "coinbase",
      "symbol": "BTC-USD"
    },
    {
      "timestamp": 1754954823.286719,
      "datetime": "2025-08-11T23:27:03.286719Z",
      "trade_id": "860285205",
      "price": 118778.93,
      "size": 0.00083841,
      "side": "sell",
      "exchange": "coinbase",
      "symbol": "BTC-USD"
    },
    {
      "timestamp": 1754954823.286719,
      "datetime": "2025-08-11T23:27:03.286719Z",
      "trade_id": "860285205",
      "price": 118778.93,
      "size": 0.00083841,
      "side": "sell",
      "exchange": "coinbase",
      "symbol": "BTC-USD"
    },
    {
      "timestamp": 1754954823.286719,
      "datetime": "2025-08-11T23:27:03.286719Z",
      "trade_id": "860285205",
      "price": 118778.93,
      "size": 0.00083841,
      "side": "sell",
      "exchange": "coinbase",
      "symbol": "BTC-USD"
    },
    {
      "timestamp": 1754954824.060596,
      "datetime": "2025-08-11T23:27:04.060596Z",
      "trade_id": "860285206",
      "price": 118778.09,
      "size": 0.00281,
      "side": "buy",
      "exchange": "coinbase",
      "symbol": "BTC-USD"
    },
    {
      "timestamp": 1754954824.060596,
      "datetime": "2025-08-11T23:27:04.060596Z",
      "trade_id": "860285206",
      "price": 118778.09,
      "size": 0.00281,
      "side": "buy",
      "exchange": "coinbase",
      "symbol": "BTC-USD"
    },
    {
      "timestamp": 1754954824.060596,
      "datetime": "2025-08-11T23:27:04.060596Z",
      "trade_id": "860285206",
      "price": 118778.09,
      "size": 0.00281,
      "side": "buy",
      "exchange": "coinbase",
      "symbol": "BTC-USD"
    },
    {
      "timestamp": 1754954824.060596,
      "datetime": "2025-08-11T23:27:04.060596Z",
      "trade_id": "860285206",
      "price": 118778.09,
      "size": 0.00281,
      "side": "buy",
      "exchange": "coinbase",
      "symbol": "BTC-USD"
    },
    {
      "timestamp": 1754954824.060596,
      "datetime": "2025-08-11T23:27:04.060596Z",
      "trade_id": "860285206",
      "price": 118778.09,
      "size": 0.00281,
      "side": "buy",
      "exchange": "coinbase",
      "symbol": "BTC-USD"
    },
    {
      "timestamp": 1754954824.200434,
      "datetime": "2025-08-11T23:27:04.200434Z",
      "trade_id": "860285207",
      "price": 118778.09,
      "size": 1.7e-05,
      "side": "buy",
      "exchange": "coinbase",
      "symbol": "BTC-USD"
    },
    {
      "timestamp": 1754954824.200434,
      "datetime": "2025-08-11T23:27:04.200434Z",
      "trade_id": "860285207",
      "price": 118778.09,
      "size": 1.7e-05,
      "side": "buy",
      "exchange": "coinbase",
      "symbol": "BTC-USD"
    },
    {
      "timestamp": 1754954824.200434,
      "datetime": "2025-08-11T23:27:04.200434Z",
      "trade_id": "860285207",
      "price": 118778.09,
      "size": 1.7e-05,
      "side": "buy",
      "exchange": "coinbase",
      "symbol": "BTC-USD"
    },
    {
      "timestamp": 1754954824.200434,
      "datetime": "2025-08-11T23:27:04.200434Z",
      "trade_id": "860285207",
      "price": 118778.09,
      "size": 1.7e-05,
      "side": "buy",
      "exchange": "coinbase",
      "symbol": "BTC-USD"
    },
    {
      "timestamp": 1754954824.200434,
      "datetime": "2025-08-11T23:27:04.200434Z",
      "trade_id": "860285207",
      "price": 118778.09,
      "size": 1.7e-05,
      "side": "buy",
      "exchange": "coinbase",
      "symbol": "BTC-USD"
    },
    {
      "timestamp": 1754954824.223869,
      "datetime": "2025-08-11T23:27:04.223869Z",
      "trade_id": "860285208",
      "price": 118778.93,
      "size": 0.00163614,
      "side": "sell",
      "exchange": "coinbase",
      "symbol": "BTC-USD"
    },
    {
      "timestamp": 1754954824.223869,
      "datetime": "2025-08-11T23:27:04.223869Z",
      "trade_id": "860285208",
      "price": 118778.93,
      "size": 0.00163614,
      "side": "sell",
      "exchange": "coinbase",
      "symbol": "BTC-USD"
    },
    {
      "timestamp": 1754954824.223869,
      "datetime": "2025-08-11T23:27:04.223869Z",
      "trade_id": "860285208",
      "price": 118778.93,
      "size": 0.00163614,
      "side": "sell",
      "exchange": "coinbase",
      "symbol": "BTC-USD"
    },
    {
      "timestamp": 1754954824.223869,
      "datetime": "2025-08-11T23:27:04.223869Z",
      "trade_id": "860285208",
      "price": 118778.93,
      "size": 0.00163614,
      "side": "sell",
      "exchange": "coinbase",
      "symbol": "BTC-USD"
    },
    {
      "timestamp": 1754954824.223869,
      "datetime": "2025-08-11T23:27:04.223869Z",
      "trade_id": "860285208",
      "price": 118778.93,
      "size": 0.00163614,
      "side": "sell",
      "exchange": "coinbase",
      "symbol": "BTC-USD"
    },
    {
      "timestamp": 1754954825.838804,
      "datetime": "2025-08-11T23:27:05.838804Z",
      "trade_id": "860285209",
      "price": 118778.91,
      "size": 0.00039275,
      "side": "sell",
      "exchange": "coinbase",
      "symbol": "BTC-USD"
    },
    {
      "timestamp": 1754954825.838804,
      "datetime": "2025-08-11T23:27:05.838804Z",
      "trade_id": "860285209",
      "price": 118778.91,
      "size": 0.00039275,
      "side": "sell",
      "exchange": "coinbase",
      "symbol": "BTC-USD"
    },
    {
      "timestamp": 1754954825.838804,
      "datetime": "2025-08-11T23:27:05.838804Z",
      "trade_id": "860285209",
      "price": 118778.91,
      "size": 0.00039275,
      "side": "sell",
      "exchange": "coinbase",
      "symbol": "BTC-USD"
    },
    {
      "timestamp": 1754954825.838804,
      "datetime": "2025-08-11T23:27:05.838804Z",
      "trade_id": "860285209",
      "price": 118778.91,
      "size": 0.00039275,
      "side": "sell",
      "exchange": "coinbase",
      "symbol": "BTC-USD"
    },
    {
      "timestamp": 1754954825.838804,
      "datetime": "2025-08-11T23:27:05.838804Z",
      "trade_id": "860285209",
      "price": 118778.91,
      "size": 0.00039275,
      "side": "sell",
      "exchange": "coinbase",
      "symbol": "BTC-USD"
    },
    {
      "timestamp": 1754954826.847319,
      "datetime": "2025-08-11T23:27:06.847319Z",
      "trade_id": "860285210",
      "price": 118778.91,
      "size": 1.75e-05,
      "side": "sell",
      "exchange": "coinbase",
      "symbol": "BTC-USD"
    },
    {
      "timestamp": 1754954826.847319,
      "datetime": "2025-08-11T23:27:06.847319Z",
      "trade_id": "860285210",
      "price": 118778.91,
      "size": 1.75e-05,
      "side": "sell",
      "exchange": "coinbase",
      "symbol": "BTC-USD"
    },
    {
      "timestamp": 1754954826.847319,
      "datetime": "2025-08-11T23:27:06.847319Z",
      "trade_id": "860285210",
      "price": 118778.91,
      "size": 1.75e-05,
      "side": "sell",
      "exchange": "coinbase",
      "symbol": "BTC-USD"
    },
    {
      "timestamp": 1754954826.847319,
      "datetime": "2025-08-11T23:27:06.847319Z",
      "trade_id": "860285210",
      "price": 118778.91,
      "size": 1.75e-05,
      "side": "sell",
      "exchange": "coinbase",
      "symbol": "BTC-USD"
    },
    {
      "timestamp": 1754954826.847319,
      "datetime": "2025-08-11T23:27:06.847319Z",
      "trade_id": "860285210",
      "price": 118778.91,
      "size": 1.75e-05,
      "side": "sell",
      "exchange": "coinbase",
      "symbol": "BTC-USD"
    },
    {
      "timestamp": 1754954827.01845,
      "datetime": "2025-08-11T23:27:07.018450Z",
      "trade_id": "860285211",
      "price": 118778.09,
      "size": 0.00048649,
      "side": "buy",
      "exchange": "coinbase",
      "symbol": "BTC-USD"
    },
    {
      "timestamp": 1754954827.01845,
      "datetime": "2025-08-11T23:27:07.018450Z",
      "trade_id": "860285211",
      "price": 118778.09,
      "size": 0.00048649,
      "side": "buy",
      "exchange": "coinbase",
      "symbol": "BTC-USD"
    },
    {
      "timestamp": 1754954827.01845,
      "datetime": "2025-08-11T23:27:07.018450Z",
      "trade_id": "860285211",
      "price": 118778.09,
      "size": 0.00048649,
      "side": "buy",
      "exchange": "coinbase",
      "symbol": "BTC-USD"
    },
    {
      "timestamp": 1754954827.01845,
      "datetime": "2025-08-11T23:27:07.018450Z",
      "trade_id": "860285211",
      "price": 118778.09,
      "size": 0.00048649,
      "side": "buy",
      "exchange": "coinbase",
      "symbol": "BTC-USD"
    },
    {
      "timestamp": 1754954827.01845,
      "datetime": "2025-08-11T23:27:07.018450Z",
      "trade_id": "860285211",
      "price": 118778.09,
      "size": 0.00048649,
      "side": "buy",
      "exchange": "coinbase",
      "symbol": "BTC-USD"
    },
    {
      "timestamp": 1754954829.311951,
      "datetime": "2025-08-11T23:27:09.311951Z",
      "trade_id": "860285212",
      "price": 118779.31,
      "size": 4.97e-06,
      "side": "sell",
      "exchange": "coinbase",
      "symbol": "BTC-USD"
    },
    {
      "timestamp": 1754954829.311951,
      "datetime": "2025-08-11T23:27:09.311951Z",
      "trade_id": "860285212",
      "price": 118779.31,
      "size": 4.97e-06,
      "side": "sell",
      "exchange": "coinbase",
      "symbol": "BTC-USD"
    },
    {
      "timestamp": 1754954829.311951,
      "datetime": "2025-08-11T23:27:09.311951Z",
      "trade_id": "860285212",
      "price": 118779.31,
      "size": 4.97e-06,
      "side": "sell",
      "exchange": "coinbase",
      "symbol": "BTC-USD"
    },
    {
      "timestamp": 1754954829.311951,
      "datetime": "2025-08-11T23:27:09.311951Z",
      "trade_id": "860285212",
      "price": 118779.31,
      "size": 4.97e-06,
      "side": "sell",
      "exchange": "coinbase",
      "symbol": "BTC-USD"
    },
    {
      "timestamp": 1754954829.311951,
      "datetime": "2025-08-11T23:27:09.311951Z",
      "trade_id": "860285212",
      "price": 118779.31,
      "size": 4.97e-06,
      "side": "sell",
      "exchange": "coinbase",
      "symbol": "BTC-USD"
    },
    {
      "timestamp": 1754954829.3587,
      "datetime": "2025-08-11T23:27:09.358700Z",
      "trade_id": "860285213",
      "price": 118779.28,
      "size": 0.00033506,
      "side": "sell",
      "exchange": "coinbase",
      "symbol": "BTC-USD"
    },
    {
      "timestamp": 1754954829.3587,
      "datetime": "2025-08-11T23:27:09.358700Z",
      "trade_id": "860285213",
      "price": 118779.28,
      "size": 0.00033506,
      "side": "sell",
      "exchange": "coinbase",
      "symbol": "BTC-USD"
    },
    {
      "timestamp": 1754954829.3587,
      "datetime": "2025-08-11T23:27:09.358700Z",
      "trade_id": "860285213",
      "price": 118779.28,
      "size": 0.00033506,
      "side": "sell",
      "exchange": "coinbase",
      "symbol": "BTC-USD"
    },
    {
      "timestamp": 1754954829.3587,
      "datetime": "2025-08-11T23:27:09.358700Z",
      "trade_id": "860285213",
      "price": 118779.28,
      "size": 0.00033506,
      "side": "sell",
      "exchange": "coinbase",
      "symbol": "BTC-USD"
    },
    {
      "timestamp": 1754954829.3587,
      "datetime": "2025-08-11T23:27:09.358700Z",
      "trade_id": "860285213",
      "price": 118779.28,
      "size": 0.00033506,
      "side": "sell",
      "exchange": "coinbase",
      "symbol": "BTC-USD"
    },
    {
      "timestamp": 1754954829.62817,
      "datetime": "2025-08-11T23:27:09.628170Z",
      "trade_id": "860285214",
      "price": 118776.31,
      "size": 4.651e-05,
      "side": "buy",
      "exchange": "coinbase",
      "symbol": "BTC-USD"
    },
    {
      "timestamp": 1754954829.62817,
      "datetime": "2025-08-11T23:27:09.628170Z",
      "trade_id": "860285214",
      "price": 118776.31,
      "size": 4.651e-05,
      "side": "buy",
      "exchange": "coinbase",
      "symbol": "BTC-USD"
    },
    {
      "timestamp": 1754954829.62817,
      "datetime": "2025-08-11T23:27:09.628170Z",
      "trade_id": "860285214",
      "price": 118776.31,
      "size": 4.651e-05,
      "side": "buy",
      "exchange": "coinbase",
      "symbol": "BTC-USD"
    },
    {
      "timestamp": 1754954829.62817,
      "datetime": "2025-08-11T23:27:09.628170Z",
      "trade_id": "860285214",
      "price": 118776.31,
      "size": 4.651e-05,
      "side": "buy",
      "exchange": "coinbase",
      "symbol": "BTC-USD"
    },
    {
      "timestamp": 1754954829.62817,
      "datetime": "2025-08-11T23:27:09.628170Z",
      "trade_id": "860285214",
      "price": 118776.31,
      "size": 4.651e-05,
      "side": "buy",
      "exchange": "coinbase",
      "symbol": "BTC-USD"
    },
    {
      "timestamp": 1754954830.22482,
      "datetime": "2025-08-11T23:27:10.224820Z",
      "trade_id": "860285215",
      "price": 118779.28,
      "size": 3.106e-05,
      "side": "sell",
      "exchange": "coinbase",
      "symbol": "BTC-USD"
    },
    {
      "timestamp": 1754954830.22482,
      "datetime": "2025-08-11T23:27:10.224820Z",
      "trade_id": "860285215",
      "price": 118779.28,
      "size": 3.106e-05,
      "side": "sell",
      "exchange": "coinbase",
      "symbol": "BTC-USD"
    },
    {
      "timestamp": 1754954830.22482,
      "datetime": "2025-08-11T23:27:10.224820Z",
      "trade_id": "860285215",
      "price": 118779.28,
      "size": 3.106e-05,
      "side": "sell",
      "exchange": "coinbase",
      "symbol": "BTC-USD"
    },
    {
      "timestamp": 1754954830.22482,
      "datetime": "2025-08-11T23:27:10.224820Z",
      "trade_id": "860285215",
      "price": 118779.28,
      "size": 3.106e-05,
      "side": "sell",
      "exchange": "coinbase",
      "symbol": "BTC-USD"
    },
    {
      "timestamp": 1754954830.22482,
      "datetime": "2025-08-11T23:27:10.224820Z",
      "trade_id": "860285215",
      "price": 118779.28,
      "size": 3.106e-05,
      "side": "sell",
      "exchange": "coinbase",
      "symbol": "BTC-USD"
    },
    {
      "timestamp": 1754954830.694573,
      "datetime": "2025-08-11T23:27:10.694573Z",
      "trade_id": "860285217",
      "price": 118778.02,
      "size": 3.041e-05,
      "side": "sell",
      "exchange": "coinbase",
      "symbol": "BTC-USD"
    },
    {
      "timestamp": 1754954830.694573,
      "datetime": "2025-08-11T23:27:10.694573Z",
      "trade_id": "860285216",
      "price": 118778.02,
      "size": 0.00084,
      "side": "sell",
      "exchange": "coinbase",
      "symbol": "BTC-USD"
    },
    {
      "timestamp": 1754954830.694573,
      "datetime": "2025-08-11T23:27:10.694573Z",
      "trade_id": "860285217",
      "price": 118778.02,
      "size": 3.041e-05,
      "side": "sell",
      "exchange": "coinbase",
      "symbol": "BTC-USD"
    },
    {
      "timestamp": 1754954830.694573,
      "datetime": "2025-08-11T23:27:10.694573Z",
      "trade_id": "860285216",
      "price": 118778.02,
      "size": 0.00084,
      "side": "sell",
      "exchange": "coinbase",
      "symbol": "BTC-USD"
    },
    {
      "timestamp": 1754954830.694573,
      "datetime": "2025-08-11T23:27:10.694573Z",
      "trade_id": "860285217",
      "price": 118778.02,
      "size": 3.041e-05,
      "side": "sell",
      "exchange": "coinbase",
      "symbol": "BTC-USD"
    },
    {
      "timestamp": 1754954830.694573,
      "datetime": "2025-08-11T23:27:10.694573Z",
      "trade_id": "860285216",
      "price": 118778.02,
      "size": 0.00084,
      "side": "sell",
      "exchange": "coinbase",
      "symbol": "BTC-USD"
    },
    {
      "timestamp": 1754954830.694573,
      "datetime": "2025-08-11T23:27:10.694573Z",
      "trade_id": "860285217",
      "price": 118778.02,
      "size": 3.041e-05,
      "side": "sell",
      "exchange": "coinbase",
      "symbol": "BTC-USD"
    },
    {
      "timestamp": 1754954830.694573,
      "datetime": "2025-08-11T23:27:10.694573Z",
      "trade_id": "860285216",
      "price": 118778.02,
      "size": 0.00084,
      "side": "sell",
      "exchange": "coinbase",
      "symbol": "BTC-USD"
    },
    {
      "timestamp": 1754954830.694573,
      "datetime": "2025-08-11T23:27:10.694573Z",
      "trade_id": "860285216",
      "price": 118778.02,
      "size": 0.00084,
      "side": "sell",
      "exchange": "coinbase",
      "symbol": "BTC-USD"
    },
    {
      "timestamp": 1754954830.694573,
      "datetime": "2025-08-11T23:27:10.694573Z",
      "trade_id": "860285217",
      "price": 118778.02,
      "size": 3.041e-05,
      "side": "sell",
      "exchange": "coinbase",
      "symbol": "BTC-USD"
    },
    {
      "timestamp": 1754954831.566668,
      "datetime": "2025-08-11T23:27:11.566668Z",
      "trade_id": "860285219",
      "price": 118776.3,
      "size": 0.00017807,
      "side": "buy",
      "exchange": "coinbase",
      "symbol": "BTC-USD"
    },
    {
      "timestamp": 1754954831.566668,
      "datetime": "2025-08-11T23:27:11.566668Z",
      "trade_id": "860285218",
      "price": 118776.31,
      "size": 0.00168383,
      "side": "buy",
      "exchange": "coinbase",
      "symbol": "BTC-USD"
    },
    {
      "timestamp": 1754954831.566668,
      "datetime": "2025-08-11T23:27:11.566668Z",
      "trade_id": "860285219",
      "price": 118776.3,
      "size": 0.00017807,
      "side": "buy",
      "exchange": "coinbase",
      "symbol": "BTC-USD"
    },
    {
      "timestamp": 1754954831.566668,
      "datetime": "2025-08-11T23:27:11.566668Z",
      "trade_id": "860285218",
      "price": 118776.31,
      "size": 0.00168383,
      "side": "buy",
      "exchange": "coinbase",
      "symbol": "BTC-USD"
    },
    {
      "timestamp": 1754954831.566668,
      "datetime": "2025-08-11T23:27:11.566668Z",
      "trade_id": "860285219",
      "price": 118776.3,
      "size": 0.00017807,
      "side": "buy",
      "exchange": "coinbase",
      "symbol": "BTC-USD"
    },
    {
      "timestamp": 1754954831.566668,
      "datetime": "2025-08-11T23:27:11.566668Z",
      "trade_id": "860285218",
      "price": 118776.31,
      "size": 0.00168383,
      "side": "buy",
      "exchange": "coinbase",
      "symbol": "BTC-USD"
    },
    {
      "timestamp": 1754954831.566668,
      "datetime": "2025-08-11T23:27:11.566668Z",
      "trade_id": "860285219",
      "price": 118776.3,
      "size": 0.00017807,
      "side": "buy",
      "exchange": "coinbase",
      "symbol": "BTC-USD"
    },
    {
      "timestamp": 1754954831.566668,
      "datetime": "2025-08-11T23:27:11.566668Z",
      "trade_id": "860285218",
      "price": 118776.31,
      "size": 0.00168383,
      "side": "buy",
      "exchange": "coinbase",
      "symbol": "BTC-USD"
    },
    {
      "timestamp": 1754954831.566668,
      "datetime": "2025-08-11T23:27:11.566668Z",
      "trade_id": "860285218",
      "price": 118776.31,
      "size": 0.00168383,
      "side": "buy",
      "exchange": "coinbase",
      "symbol": "BTC-USD"
    },
    {
      "timestamp": 1754954831.566668,
      "datetime": "2025-08-11T23:27:11.566668Z",
      "trade_id": "860285219",
      "price": 118776.3,
      "size": 0.00017807,
      "side": "buy",
      "exchange": "coinbase",
      "symbol": "BTC-USD"
    },
    {
      "timestamp": 1754954833.068465,
      "datetime": "2025-08-11T23:27:13.068465Z",
      "trade_id": "860285220",
      "price": 118779.3,
      "size": 0.00087539,
      "side": "sell",
      "exchange": "coinbase",
      "symbol": "BTC-USD"
    },
    {
      "timestamp": 1754954833.068465,
      "datetime": "2025-08-11T23:27:13.068465Z",
      "trade_id": "860285220",
      "price": 118779.3,
      "size": 0.00087539,
      "side": "sell",
      "exchange": "coinbase",
      "symbol": "BTC-USD"
    },
    {
      "timestamp": 1754954833.068465,
      "datetime": "2025-08-11T23:27:13.068465Z",
      "trade_id": "860285220",
      "price": 118779.3,
      "size": 0.00087539,
      "side": "sell",
      "exchange": "coinbase",
      "symbol": "BTC-USD"
    },
    {
      "timestamp": 1754954833.068465,
      "datetime": "2025-08-11T23:27:13.068465Z",
      "trade_id": "860285220",
      "price": 118779.3,
      "size": 0.00087539,
      "side": "sell",
      "exchange": "coinbase",
      "symbol": "BTC-USD"
    },
    {
      "timestamp": 1754954833.068465,
      "datetime": "2025-08-11T23:27:13.068465Z",
      "trade_id": "860285220",
      "price": 118779.3,
      "size": 0.00087539,
      "side": "sell",
      "exchange": "coinbase",
      "symbol": "BTC-USD"
    },
    {
      "timestamp": 1754954833.412289,
      "datetime": "2025-08-11T23:27:13.412289Z",
      "trade_id": "860285221",
      "price": 118781.1,
      "size": 0.00083348,
      "side": "sell",
      "exchange": "coinbase",
      "symbol": "BTC-USD"
    },
    {
      "timestamp": 1754954833.412289,
      "datetime": "2025-08-11T23:27:13.412289Z",
      "trade_id": "860285221",
      "price": 118781.1,
      "size": 0.00083348,
      "side": "sell",
      "exchange": "coinbase",
      "symbol": "BTC-USD"
    },
    {
      "timestamp": 1754954833.412289,
      "datetime": "2025-08-11T23:27:13.412289Z",
      "trade_id": "860285221",
      "price": 118781.1,
      "size": 0.00083348,
      "side": "sell",
      "exchange": "coinbase",
      "symbol": "BTC-USD"
    },
    {
      "timestamp": 1754954833.412289,
      "datetime": "2025-08-11T23:27:13.412289Z",
      "trade_id": "860285221",
      "price": 118781.1,
      "size": 0.00083348,
      "side": "sell",
      "exchange": "coinbase",
      "symbol": "BTC-USD"
    },
    {
      "timestamp": 1754954833.412289,
      "datetime": "2025-08-11T23:27:13.412289Z",
      "trade_id": "860285221",
      "price": 118781.1,
      "size": 0.00083348,
      "side": "sell",
      "exchange": "coinbase",
      "symbol": "BTC-USD"
    },
    {
      "timestamp": 1754954833.684523,
      "datetime": "2025-08-11T23:27:13.684523Z",
      "trade_id": "860285222",
      "price": 118776.31,
      "size": 0.00024974,
      "side": "buy",
      "exchange": "coinbase",
      "symbol": "BTC-USD"
    },
    {
      "timestamp": 1754954833.684523,
      "datetime": "2025-08-11T23:27:13.684523Z",
      "trade_id": "860285222",
      "price": 118776.31,
      "size": 0.00024974,
      "side": "buy",
      "exchange": "coinbase",
      "symbol": "BTC-USD"
    },
    {
      "timestamp": 1754954833.684523,
      "datetime": "2025-08-11T23:27:13.684523Z",
      "trade_id": "860285222",
      "price": 118776.31,
      "size": 0.00024974,
      "side": "buy",
      "exchange": "coinbase",
      "symbol": "BTC-USD"
    },
    {
      "timestamp": 1754954833.684523,
      "datetime": "2025-08-11T23:27:13.684523Z",
      "trade_id": "860285222",
      "price": 118776.31,
      "size": 0.00024974,
      "side": "buy",
      "exchange": "coinbase",
      "symbol": "BTC-USD"
    },
    {
      "timestamp": 1754954833.684523,
      "datetime": "2025-08-11T23:27:13.684523Z",
      "trade_id": "860285222",
      "price": 118776.31,
      "size": 0.00024974,
      "side": "buy",
      "exchange": "coinbase",
      "symbol": "BTC-USD"
    },
    {
      "timestamp": 1754954833.81095,
      "datetime": "2025-08-11T23:27:13.810950Z",
      "trade_id": "860285227",
      "price": 118781.15,
      "size": 0.04358814,
      "side": "sell",
      "exchange": "coinbase",
      "symbol": "BTC-USD"
    },
    {
      "timestamp": 1754954833.81095,
      "datetime": "2025-08-11T23:27:13.810950Z",
      "trade_id": "860285226",
      "price": 118781.14,
      "size": 0.00185979,
      "side": "sell",
      "exchange": "coinbase",
      "symbol": "BTC-USD"
    },
    {
      "timestamp": 1754954833.81095,
      "datetime": "2025-08-11T23:27:13.810950Z",
      "trade_id": "860285225",
      "price": 118779.44,
      "size": 0.00841896,
      "side": "sell",
      "exchange": "coinbase",
      "symbol": "BTC-USD"
    },
    {
      "timestamp": 1754954833.81095,
      "datetime": "2025-08-11T23:27:13.810950Z",
      "trade_id": "860285224",
      "price": 118779.43,
      "size": 6.475e-05,
      "side": "sell",
      "exchange": "coinbase",
      "symbol": "BTC-USD"
    },
    {
      "timestamp": 1754954833.81095,
      "datetime": "2025-08-11T23:27:13.810950Z",
      "trade_id": "860285223",
      "price": 118779.43,
      "size": 6.477e-05,
      "side": "sell",
      "exchange": "coinbase",
      "symbol": "BTC-USD"
    },
    {
      "timestamp": 1754954833.81095,
      "datetime": "2025-08-11T23:27:13.810950Z",
      "trade_id": "860285227",
      "price": 118781.15,
      "size": 0.04358814,
      "side": "sell",
      "exchange": "coinbase",
      "symbol": "BTC-USD"
    },
    {
      "timestamp": 1754954833.81095,
      "datetime": "2025-08-11T23:27:13.810950Z",
      "trade_id": "860285226",
      "price": 118781.14,
      "size": 0.00185979,
      "side": "sell",
      "exchange": "coinbase",
      "symbol": "BTC-USD"
    },
    {
      "timestamp": 1754954833.81095,
      "datetime": "2025-08-11T23:27:13.810950Z",
      "trade_id": "860285225",
      "price": 118779.44,
      "size": 0.00841896,
      "side": "sell",
      "exchange": "coinbase",
      "symbol": "BTC-USD"
    },
    {
      "timestamp": 1754954833.81095,
      "datetime": "2025-08-11T23:27:13.810950Z",
      "trade_id": "860285224",
      "price": 118779.43,
      "size": 6.475e-05,
      "side": "sell",
      "exchange": "coinbase",
      "symbol": "BTC-USD"
    },
    {
      "timestamp": 1754954833.81095,
      "datetime": "2025-08-11T23:27:13.810950Z",
      "trade_id": "860285223",
      "price": 118779.43,
      "size": 6.477e-05,
      "side": "sell",
      "exchange": "coinbase",
      "symbol": "BTC-USD"
    },
    {
      "timestamp": 1754954833.81095,
      "datetime": "2025-08-11T23:27:13.810950Z",
      "trade_id": "860285227",
      "price": 118781.15,
      "size": 0.04358814,
      "side": "sell",
      "exchange": "coinbase",
      "symbol": "BTC-USD"
    },
    {
      "timestamp": 1754954833.81095,
      "datetime": "2025-08-11T23:27:13.810950Z",
      "trade_id": "860285226",
      "price": 118781.14,
      "size": 0.00185979,
      "side": "sell",
      "exchange": "coinbase",
      "symbol": "BTC-USD"
    },
    {
      "timestamp": 1754954833.81095,
      "datetime": "2025-08-11T23:27:13.810950Z",
      "trade_id": "860285225",
      "price": 118779.44,
      "size": 0.00841896,
      "side": "sell",
      "exchange": "coinbase",
      "symbol": "BTC-USD"
    },
    {
      "timestamp": 1754954833.81095,
      "datetime": "2025-08-11T23:27:13.810950Z",
      "trade_id": "860285224",
      "price": 118779.43,
      "size": 6.475e-05,
      "side": "sell",
      "exchange": "coinbase",
      "symbol": "BTC-USD"
    },
    {
      "timestamp": 1754954833.81095,
      "datetime": "2025-08-11T23:27:13.810950Z",
      "trade_id": "860285223",
      "price": 118779.43,
      "size": 6.477e-05,
      "side": "sell",
      "exchange": "coinbase",
      "symbol": "BTC-USD"
    },
    {
      "timestamp": 1754954833.81095,
      "datetime": "2025-08-11T23:27:13.810950Z",
      "trade_id": "860285227",
      "price": 118781.15,
      "size": 0.04358814,
      "side": "sell",
      "exchange": "coinbase",
      "symbol": "BTC-USD"
    },
    {
      "timestamp": 1754954833.81095,
      "datetime": "2025-08-11T23:27:13.810950Z",
      "trade_id": "860285226",
      "price": 118781.14,
      "size": 0.00185979,
      "side": "sell",
      "exchange": "coinbase",
      "symbol": "BTC-USD"
    },
    {
      "timestamp": 1754954833.81095,
      "datetime": "2025-08-11T23:27:13.810950Z",
      "trade_id": "860285225",
      "price": 118779.44,
      "size": 0.00841896,
      "side": "sell",
      "exchange": "coinbase",
      "symbol": "BTC-USD"
    },
    {
      "timestamp": 1754954833.81095,
      "datetime": "2025-08-11T23:27:13.810950Z",
      "trade_id": "860285224",
      "price": 118779.43,
      "size": 6.475e-05,
      "side": "sell",
      "exchange": "coinbase",
      "symbol": "BTC-USD"
    },
    {
      "timestamp": 1754954833.81095,
      "datetime": "2025-08-11T23:27:13.810950Z",
      "trade_id": "860285223",
      "price": 118779.43,
      "size": 6.477e-05,
      "side": "sell",
      "exchange": "coinbase",
      "symbol": "BTC-USD"
    },
    {
      "timestamp": 1754954833.81095,
      "datetime": "2025-08-11T23:27:13.810950Z",
      "trade_id": "860285223",
      "price": 118779.43,
      "size": 6.477e-05,
      "side": "sell",
      "exchange": "coinbase",
      "symbol": "BTC-USD"
    },
    {
      "timestamp": 1754954833.81095,
      "datetime": "2025-08-11T23:27:13.810950Z",
      "trade_id": "860285224",
      "price": 118779.43,
      "size": 6.475e-05,
      "side": "sell",
      "exchange": "coinbase",
      "symbol": "BTC-USD"
    },
    {
      "timestamp": 1754954833.81095,
      "datetime": "2025-08-11T23:27:13.810950Z",
      "trade_id": "860285225",
      "price": 118779.44,
      "size": 0.00841896,
      "side": "sell",
      "exchange": "coinbase",
      "symbol": "BTC-USD"
    },
    {
      "timestamp": 1754954833.81095,
      "datetime": "2025-08-11T23:27:13.810950Z",
      "trade_id": "860285226",
      "price": 118781.14,
      "size": 0.00185979,
      "side": "sell",
      "exchange": "coinbase",
      "symbol": "BTC-USD"
    },
    {
      "timestamp": 1754954833.81095,
      "datetime": "2025-08-11T23:27:13.810950Z",
      "trade_id": "860285227",
      "price": 118781.15,
      "size": 0.04358814,
      "side": "sell",
      "exchange": "coinbase",
      "symbol": "BTC-USD"
    },
    {
      "timestamp": 1754954834.419285,
      "datetime": "2025-08-11T23:27:14.419285Z",
      "trade_id": "860285230",
      "price": 118783.89,
      "size": 0.00597244,
      "side": "sell",
      "exchange": "coinbase",
      "symbol": "BTC-USD"
    },
    {
      "timestamp": 1754954834.419285,
      "datetime": "2025-08-11T23:27:14.419285Z",
      "trade_id": "860285229",
      "price": 118782.6,
      "size": 0.00482087,
      "side": "sell",
      "exchange": "coinbase",
      "symbol": "BTC-USD"
    },
    {
      "timestamp": 1754954834.419285,
      "datetime": "2025-08-11T23:27:14.419285Z",
      "trade_id": "860285228",
      "price": 118781.28,
      "size": 0.00020669,
      "side": "sell",
      "exchange": "coinbase",
      "symbol": "BTC-USD"
    },
    {
      "timestamp": 1754954834.419285,
      "datetime": "2025-08-11T23:27:14.419285Z",
      "trade_id": "860285230",
      "price": 118783.89,
      "size": 0.00597244,
      "side": "sell",
      "exchange": "coinbase",
      "symbol": "BTC-USD"
    },
    {
      "timestamp": 1754954834.419285,
      "datetime": "2025-08-11T23:27:14.419285Z",
      "trade_id": "860285229",
      "price": 118782.6,
      "size": 0.00482087,
      "side": "sell",
      "exchange": "coinbase",
      "symbol": "BTC-USD"
    },
    {
      "timestamp": 1754954834.419285,
      "datetime": "2025-08-11T23:27:14.419285Z",
      "trade_id": "860285228",
      "price": 118781.28,
      "size": 0.00020669,
      "side": "sell",
      "exchange": "coinbase",
      "symbol": "BTC-USD"
    },
    {
      "timestamp": 1754954834.419285,
      "datetime": "2025-08-11T23:27:14.419285Z",
      "trade_id": "860285230",
      "price": 118783.89,
      "size": 0.00597244,
      "side": "sell",
      "exchange": "coinbase",
      "symbol": "BTC-USD"
    },
    {
      "timestamp": 1754954834.419285,
      "datetime": "2025-08-11T23:27:14.419285Z",
      "trade_id": "860285229",
      "price": 118782.6,
      "size": 0.00482087,
      "side": "sell",
      "exchange": "coinbase",
      "symbol": "BTC-USD"
    },
    {
      "timestamp": 1754954834.419285,
      "datetime": "2025-08-11T23:27:14.419285Z",
      "trade_id": "860285228",
      "price": 118781.28,
      "size": 0.00020669,
      "side": "sell",
      "exchange": "coinbase",
      "symbol": "BTC-USD"
    },
    {
      "timestamp": 1754954834.419285,
      "datetime": "2025-08-11T23:27:14.419285Z",
      "trade_id": "860285230",
      "price": 118783.89,
      "size": 0.00597244,
      "side": "sell",
      "exchange": "coinbase",
      "symbol": "BTC-USD"
    },
    {
      "timestamp": 1754954834.419285,
      "datetime": "2025-08-11T23:27:14.419285Z",
      "trade_id": "860285229",
      "price": 118782.6,
      "size": 0.00482087,
      "side": "sell",
      "exchange": "coinbase",
      "symbol": "BTC-USD"
    },
    {
      "timestamp": 1754954834.419285,
      "datetime": "2025-08-11T23:27:14.419285Z",
      "trade_id": "860285228",
      "price": 118781.28,
      "size": 0.00020669,
      "side": "sell",
      "exchange": "coinbase",
      "symbol": "BTC-USD"
    },
    {
      "timestamp": 1754954834.419285,
      "datetime": "2025-08-11T23:27:14.419285Z",
      "trade_id": "860285228",
      "price": 118781.28,
      "size": 0.00020669,
      "side": "sell",
      "exchange": "coinbase",
      "symbol": "BTC-USD"
    },
    {
      "timestamp": 1754954834.419285,
      "datetime": "2025-08-11T23:27:14.419285Z",
      "trade_id": "860285229",
      "price": 118782.6,
      "size": 0.00482087,
      "side": "sell",
      "exchange": "coinbase",
      "symbol": "BTC-USD"
    },
    {
      "timestamp": 1754954834.419285,
      "datetime": "2025-08-11T23:27:14.419285Z",
      "trade_id": "860285230",
      "price": 118783.89,
      "size": 0.00597244,
      "side": "sell",
      "exchange": "coinbase",
      "symbol": "BTC-USD"
    },
    {
      "timestamp": 1754954834.791165,
      "datetime": "2025-08-11T23:27:14.791165Z",
      "trade_id": "860285232",
      "price": 118781.15,
      "size": 9.492e-05,
      "side": "sell",
      "exchange": "coinbase",
      "symbol": "BTC-USD"
    },
    {
      "timestamp": 1754954834.791165,
      "datetime": "2025-08-11T23:27:14.791165Z",
      "trade_id": "860285231",
      "price": 118781.14,
      "size": 6.477e-05,
      "side": "sell",
      "exchange": "coinbase",
      "symbol": "BTC-USD"
    },
    {
      "timestamp": 1754954834.791165,
      "datetime": "2025-08-11T23:27:14.791165Z",
      "trade_id": "860285232",
      "price": 118781.15,
      "size": 9.492e-05,
      "side": "sell",
      "exchange": "coinbase",
      "symbol": "BTC-USD"
    },
    {
      "timestamp": 1754954834.791165,
      "datetime": "2025-08-11T23:27:14.791165Z",
      "trade_id": "860285231",
      "price": 118781.14,
      "size": 6.477e-05,
      "side": "sell",
      "exchange": "coinbase",
      "symbol": "BTC-USD"
    },
    {
      "timestamp": 1754954834.791165,
      "datetime": "2025-08-11T23:27:14.791165Z",
      "trade_id": "860285232",
      "price": 118781.15,
      "size": 9.492e-05,
      "side": "sell",
      "exchange": "coinbase",
      "symbol": "BTC-USD"
    },
    {
      "timestamp": 1754954834.791165,
      "datetime": "2025-08-11T23:27:14.791165Z",
      "trade_id": "860285231",
      "price": 118781.14,
      "size": 6.477e-05,
      "side": "sell",
      "exchange": "coinbase",
      "symbol": "BTC-USD"
    },
    {
      "timestamp": 1754954834.791165,
      "datetime": "2025-08-11T23:27:14.791165Z",
      "trade_id": "860285232",
      "price": 118781.15,
      "size": 9.492e-05,
      "side": "sell",
      "exchange": "coinbase",
      "symbol": "BTC-USD"
    },
    {
      "timestamp": 1754954834.791165,
      "datetime": "2025-08-11T23:27:14.791165Z",
      "trade_id": "860285231",
      "price": 118781.14,
      "size": 6.477e-05,
      "side": "sell",
      "exchange": "coinbase",
      "symbol": "BTC-USD"
    },
    {
      "timestamp": 1754954834.791165,
      "datetime": "2025-08-11T23:27:14.791165Z",
      "trade_id": "860285231",
      "price": 118781.14,
      "size": 6.477e-05,
      "side": "sell",
      "exchange": "coinbase",
      "symbol": "BTC-USD"
    },
    {
      "timestamp": 1754954834.791165,
      "datetime": "2025-08-11T23:27:14.791165Z",
      "trade_id": "860285232",
      "price": 118781.15,
      "size": 9.492e-05,
      "side": "sell",
      "exchange": "coinbase",
      "symbol": "BTC-USD"
    },
    {
      "timestamp": 1754954835.132047,
      "datetime": "2025-08-11T23:27:15.132047Z",
      "trade_id": "860285234",
      "price": 118781.15,
      "size": 5.306e-05,
      "side": "sell",
      "exchange": "coinbase",
      "symbol": "BTC-USD"
    },
    {
      "timestamp": 1754954835.132047,
      "datetime": "2025-08-11T23:27:15.132047Z",
      "trade_id": "860285233",
      "price": 118780.65,
      "size": 3.238e-05,
      "side": "sell",
      "exchange": "coinbase",
      "symbol": "BTC-USD"
    },
    {
      "timestamp": 1754954835.132047,
      "datetime": "2025-08-11T23:27:15.132047Z",
      "trade_id": "860285234",
      "price": 118781.15,
      "size": 5.306e-05,
      "side": "sell",
      "exchange": "coinbase",
      "symbol": "BTC-USD"
    },
    {
      "timestamp": 1754954835.132047,
      "datetime": "2025-08-11T23:27:15.132047Z",
      "trade_id": "860285233",
      "price": 118780.65,
      "size": 3.238e-05,
      "side": "sell",
      "exchange": "coinbase",
      "symbol": "BTC-USD"
    },
    {
      "timestamp": 1754954835.132047,
      "datetime": "2025-08-11T23:27:15.132047Z",
      "trade_id": "860285234",
      "price": 118781.15,
      "size": 5.306e-05,
      "side": "sell",
      "exchange": "coinbase",
      "symbol": "BTC-USD"
    },
    {
      "timestamp": 1754954835.132047,
      "datetime": "2025-08-11T23:27:15.132047Z",
      "trade_id": "860285233",
      "price": 118780.65,
      "size": 3.238e-05,
      "side": "sell",
      "exchange": "coinbase",
      "symbol": "BTC-USD"
    },
    {
      "timestamp": 1754954835.132047,
      "datetime": "2025-08-11T23:27:15.132047Z",
      "trade_id": "860285234",
      "price": 118781.15,
      "size": 5.306e-05,
      "side": "sell",
      "exchange": "coinbase",
      "symbol": "BTC-USD"
    },
    {
      "timestamp": 1754954835.132047,
      "datetime": "2025-08-11T23:27:15.132047Z",
      "trade_id": "860285233",
      "price": 118780.65,
      "size": 3.238e-05,
      "side": "sell",
      "exchange": "coinbase",
      "symbol": "BTC-USD"
    },
    {
      "timestamp": 1754954835.132047,
      "datetime": "2025-08-11T23:27:15.132047Z",
      "trade_id": "860285233",
      "price": 118780.65,
      "size": 3.238e-05,
      "side": "sell",
      "exchange": "coinbase",
      "symbol": "BTC-USD"
    },
    {
      "timestamp": 1754954835.132047,
      "datetime": "2025-08-11T23:27:15.132047Z",
      "trade_id": "860285234",
      "price": 118781.15,
      "size": 5.306e-05,
      "side": "sell",
      "exchange": "coinbase",
      "symbol": "BTC-USD"
    },
    {
      "timestamp": 1754954835.681978,
      "datetime": "2025-08-11T23:27:15.681978Z",
      "trade_id": "860285236",
      "price": 118781.15,
      "size": 0.00122954,
      "side": "sell",
      "exchange": "coinbase",
      "symbol": "BTC-USD"
    },
    {
      "timestamp": 1754954835.681978,
      "datetime": "2025-08-11T23:27:15.681978Z",
      "trade_id": "860285235",
      "price": 118781.14,
      "size": 1.619e-05,
      "side": "sell",
      "exchange": "coinbase",
      "symbol": "BTC-USD"
    },
    {
      "timestamp": 1754954835.681978,
      "datetime": "2025-08-11T23:27:15.681978Z",
      "trade_id": "860285236",
      "price": 118781.15,
      "size": 0.00122954,
      "side": "sell",
      "exchange": "coinbase",
      "symbol": "BTC-USD"
    },
    {
      "timestamp": 1754954835.681978,
      "datetime": "2025-08-11T23:27:15.681978Z",
      "trade_id": "860285235",
      "price": 118781.14,
      "size": 1.619e-05,
      "side": "sell",
      "exchange": "coinbase",
      "symbol": "BTC-USD"
    },
    {
      "timestamp": 1754954835.681978,
      "datetime": "2025-08-11T23:27:15.681978Z",
      "trade_id": "860285236",
      "price": 118781.15,
      "size": 0.00122954,
      "side": "sell",
      "exchange": "coinbase",
      "symbol": "BTC-USD"
    },
    {
      "timestamp": 1754954835.681978,
      "datetime": "2025-08-11T23:27:15.681978Z",
      "trade_id": "860285235",
      "price": 118781.14,
      "size": 1.619e-05,
      "side": "sell",
      "exchange": "coinbase",
      "symbol": "BTC-USD"
    },
    {
      "timestamp": 1754954835.681978,
      "datetime": "2025-08-11T23:27:15.681978Z",
      "trade_id": "860285236",
      "price": 118781.15,
      "size": 0.00122954,
      "side": "sell",
      "exchange": "coinbase",
      "symbol": "BTC-USD"
    },
    {
      "timestamp": 1754954835.681978,
      "datetime": "2025-08-11T23:27:15.681978Z",
      "trade_id": "860285235",
      "price": 118781.14,
      "size": 1.619e-05,
      "side": "sell",
      "exchange": "coinbase",
      "symbol": "BTC-USD"
    },
    {
      "timestamp": 1754954835.681978,
      "datetime": "2025-08-11T23:27:15.681978Z",
      "trade_id": "860285235",
      "price": 118781.14,
      "size": 1.619e-05,
      "side": "sell",
      "exchange": "coinbase",
      "symbol": "BTC-USD"
    },
    {
      "timestamp": 1754954835.681978,
      "datetime": "2025-08-11T23:27:15.681978Z",
      "trade_id": "860285236",
      "price": 118781.15,
      "size": 0.00122954,
      "side": "sell",
      "exchange": "coinbase",
      "symbol": "BTC-USD"
    },
    {
      "timestamp": 1754954836.35586,
      "datetime": "2025-08-11T23:27:16.355860Z",
      "trade_id": "860285237",
      "price": 118781.15,
      "size": 8.335e-05,
      "side": "sell",
      "exchange": "coinbase",
      "symbol": "BTC-USD"
    },
    {
      "timestamp": 1754954836.35586,
      "datetime": "2025-08-11T23:27:16.355860Z",
      "trade_id": "860285237",
      "price": 118781.15,
      "size": 8.335e-05,
      "side": "sell",
      "exchange": "coinbase",
      "symbol": "BTC-USD"
    },
    {
      "timestamp": 1754954836.35586,
      "datetime": "2025-08-11T23:27:16.355860Z",
      "trade_id": "860285237",
      "price": 118781.15,
      "size": 8.335e-05,
      "side": "sell",
      "exchange": "coinbase",
      "symbol": "BTC-USD"
    },
    {
      "timestamp": 1754954836.35586,
      "datetime": "2025-08-11T23:27:16.355860Z",
      "trade_id": "860285237",
      "price": 118781.15,
      "size": 8.335e-05,
      "side": "sell",
      "exchange": "coinbase",
      "symbol": "BTC-USD"
    },
    {
      "timestamp": 1754954836.35586,
      "datetime": "2025-08-11T23:27:16.355860Z",
      "trade_id": "860285237",
      "price": 118781.15,
      "size": 8.335e-05,
      "side": "sell",
      "exchange": "coinbase",
      "symbol": "BTC-USD"
    },
    {
      "timestamp": 1754954836.468337,
      "datetime": "2025-08-11T23:27:16.468337Z",
      "trade_id": "860285238",
      "price": 118781.15,
      "size": 0.00163629,
      "side": "sell",
      "exchange": "coinbase",
      "symbol": "BTC-USD"
    },
    {
      "timestamp": 1754954836.468337,
      "datetime": "2025-08-11T23:27:16.468337Z",
      "trade_id": "860285238",
      "price": 118781.15,
      "size": 0.00163629,
      "side": "sell",
      "exchange": "coinbase",
      "symbol": "BTC-USD"
    },
    {
      "timestamp": 1754954836.468337,
      "datetime": "2025-08-11T23:27:16.468337Z",
      "trade_id": "860285238",
      "price": 118781.15,
      "size": 0.00163629,
      "side": "sell",
      "exchange": "coinbase",
      "symbol": "BTC-USD"
    },
    {
      "timestamp": 1754954836.468337,
      "datetime": "2025-08-11T23:27:16.468337Z",
      "trade_id": "860285238",
      "price": 118781.15,
      "size": 0.00163629,
      "side": "sell",
      "exchange": "coinbase",
      "symbol": "BTC-USD"
    },
    {
      "timestamp": 1754954836.468337,
      "datetime": "2025-08-11T23:27:16.468337Z",
      "trade_id": "860285238",
      "price": 118781.15,
      "size": 0.00163629,
      "side": "sell",
      "exchange": "coinbase",
      "symbol": "BTC-USD"
    },
    {
      "timestamp": 1754954838.32125,
      "datetime": "2025-08-11T23:27:18.321250Z",
      "trade_id": "860285239",
      "price": 118779.17,
      "size": 0.00019962,
      "side": "sell",
      "exchange": "coinbase",
      "symbol": "BTC-USD"
    },
    {
      "timestamp": 1754954838.32125,
      "datetime": "2025-08-11T23:27:18.321250Z",
      "trade_id": "860285239",
      "price": 118779.17,
      "size": 0.00019962,
      "side": "sell",
      "exchange": "coinbase",
      "symbol": "BTC-USD"
    },
    {
      "timestamp": 1754954838.32125,
      "datetime": "2025-08-11T23:27:18.321250Z",
      "trade_id": "860285239",
      "price": 118779.17,
      "size": 0.00019962,
      "side": "sell",
      "exchange": "coinbase",
      "symbol": "BTC-USD"
    },
    {
      "timestamp": 1754954838.32125,
      "datetime": "2025-08-11T23:27:18.321250Z",
      "trade_id": "860285239",
      "price": 118779.17,
      "size": 0.00019962,
      "side": "sell",
      "exchange": "coinbase",
      "symbol": "BTC-USD"
    },
    {
      "timestamp": 1754954838.32125,
      "datetime": "2025-08-11T23:27:18.321250Z",
      "trade_id": "860285239",
      "price": 118779.17,
      "size": 0.00019962,
      "side": "sell",
      "exchange": "coinbase",
      "symbol": "BTC-USD"
    },
    {
      "timestamp": 1754954838.983169,
      "datetime": "2025-08-11T23:27:18.983169Z",
      "trade_id": "860285240",
      "price": 118779.17,
      "size": 0.00032722,
      "side": "sell",
      "exchange": "coinbase",
      "symbol": "BTC-USD"
    },
    {
      "timestamp": 1754954838.983169,
      "datetime": "2025-08-11T23:27:18.983169Z",
      "trade_id": "860285240",
      "price": 118779.17,
      "size": 0.00032722,
      "side": "sell",
      "exchange": "coinbase",
      "symbol": "BTC-USD"
    },
    {
      "timestamp": 1754954838.983169,
      "datetime": "2025-08-11T23:27:18.983169Z",
      "trade_id": "860285240",
      "price": 118779.17,
      "size": 0.00032722,
      "side": "sell",
      "exchange": "coinbase",
      "symbol": "BTC-USD"
    },
    {
      "timestamp": 1754954838.983169,
      "datetime": "2025-08-11T23:27:18.983169Z",
      "trade_id": "860285240",
      "price": 118779.17,
      "size": 0.00032722,
      "side": "sell",
      "exchange": "coinbase",
      "symbol": "BTC-USD"
    },
    {
      "timestamp": 1754954838.983169,
      "datetime": "2025-08-11T23:27:18.983169Z",
      "trade_id": "860285240",
      "price": 118779.17,
      "size": 0.00032722,
      "side": "sell",
      "exchange": "coinbase",
      "symbol": "BTC-USD"
    },
    {
      "timestamp": 1754954839.081677,
      "datetime": "2025-08-11T23:27:19.081677Z",
      "trade_id": "860285243",
      "price": 118776.25,
      "size": 2.503e-05,
      "side": "buy",
      "exchange": "coinbase",
      "symbol": "BTC-USD"
    },
    {
      "timestamp": 1754954839.081677,
      "datetime": "2025-08-11T23:27:19.081677Z",
      "trade_id": "860285242",
      "price": 118776.25,
      "size": 9e-06,
      "side": "buy",
      "exchange": "coinbase",
      "symbol": "BTC-USD"
    },
    {
      "timestamp": 1754954839.081677,
      "datetime": "2025-08-11T23:27:19.081677Z",
      "trade_id": "860285241",
      "price": 118776.27,
      "size": 2.708e-05,
      "side": "buy",
      "exchange": "coinbase",
      "symbol": "BTC-USD"
    },
    {
      "timestamp": 1754954839.081677,
      "datetime": "2025-08-11T23:27:19.081677Z",
      "trade_id": "860285243",
      "price": 118776.25,
      "size": 2.503e-05,
      "side": "buy",
      "exchange": "coinbase",
      "symbol": "BTC-USD"
    },
    {
      "timestamp": 1754954839.081677,
      "datetime": "2025-08-11T23:27:19.081677Z",
      "trade_id": "860285242",
      "price": 118776.25,
      "size": 9e-06,
      "side": "buy",
      "exchange": "coinbase",
      "symbol": "BTC-USD"
    },
    {
      "timestamp": 1754954839.081677,
      "datetime": "2025-08-11T23:27:19.081677Z",
      "trade_id": "860285241",
      "price": 118776.27,
      "size": 2.708e-05,
      "side": "buy",
      "exchange": "coinbase",
      "symbol": "BTC-USD"
    },
    {
      "timestamp": 1754954839.081677,
      "datetime": "2025-08-11T23:27:19.081677Z",
      "trade_id": "860285243",
      "price": 118776.25,
      "size": 2.503e-05,
      "side": "buy",
      "exchange": "coinbase",
      "symbol": "BTC-USD"
    },
    {
      "timestamp": 1754954839.081677,
      "datetime": "2025-08-11T23:27:19.081677Z",
      "trade_id": "860285242",
      "price": 118776.25,
      "size": 9e-06,
      "side": "buy",
      "exchange": "coinbase",
      "symbol": "BTC-USD"
    },
    {
      "timestamp": 1754954839.081677,
      "datetime": "2025-08-11T23:27:19.081677Z",
      "trade_id": "860285241",
      "price": 118776.27,
      "size": 2.708e-05,
      "side": "buy",
      "exchange": "coinbase",
      "symbol": "BTC-USD"
    },
    {
      "timestamp": 1754954839.081677,
      "datetime": "2025-08-11T23:27:19.081677Z",
      "trade_id": "860285243",
      "price": 118776.25,
      "size": 2.503e-05,
      "side": "buy",
      "exchange": "coinbase",
      "symbol": "BTC-USD"
    },
    {
      "timestamp": 1754954839.081677,
      "datetime": "2025-08-11T23:27:19.081677Z",
      "trade_id": "860285242",
      "price": 118776.25,
      "size": 9e-06,
      "side": "buy",
      "exchange": "coinbase",
      "symbol": "BTC-USD"
    },
    {
      "timestamp": 1754954839.081677,
      "datetime": "2025-08-11T23:27:19.081677Z",
      "trade_id": "860285241",
      "price": 118776.27,
      "size": 2.708e-05,
      "side": "buy",
      "exchange": "coinbase",
      "symbol": "BTC-USD"
    },
    {
      "timestamp": 1754954839.081677,
      "datetime": "2025-08-11T23:27:19.081677Z",
      "trade_id": "860285241",
      "price": 118776.27,
      "size": 2.708e-05,
      "side": "buy",
      "exchange": "coinbase",
      "symbol": "BTC-USD"
    },
    {
      "timestamp": 1754954839.081677,
      "datetime": "2025-08-11T23:27:19.081677Z",
      "trade_id": "860285242",
      "price": 118776.25,
      "size": 9e-06,
      "side": "buy",
      "exchange": "coinbase",
      "symbol": "BTC-USD"
    },
    {
      "timestamp": 1754954839.081677,
      "datetime": "2025-08-11T23:27:19.081677Z",
      "trade_id": "860285243",
      "price": 118776.25,
      "size": 2.503e-05,
      "side": "buy",
      "exchange": "coinbase",
      "symbol": "BTC-USD"
    },
    {
      "timestamp": 1754954841.910298,
      "datetime": "2025-08-11T23:27:21.910298Z",
      "trade_id": "860285245",
      "price": 118776.23,
      "size": 0.00326436,
      "side": "buy",
      "exchange": "coinbase",
      "symbol": "BTC-USD"
    },
    {
      "timestamp": 1754954841.910298,
      "datetime": "2025-08-11T23:27:21.910298Z",
      "trade_id": "860285244",
      "price": 118776.24,
      "size": 9e-06,
      "side": "buy",
      "exchange": "coinbase",
      "symbol": "BTC-USD"
    },
    {
      "timestamp": 1754954841.910298,
      "datetime": "2025-08-11T23:27:21.910298Z",
      "trade_id": "860285245",
      "price": 118776.23,
      "size": 0.00326436,
      "side": "buy",
      "exchange": "coinbase",
      "symbol": "BTC-USD"
    },
    {
      "timestamp": 1754954841.910298,
      "datetime": "2025-08-11T23:27:21.910298Z",
      "trade_id": "860285244",
      "price": 118776.24,
      "size": 9e-06,
      "side": "buy",
      "exchange": "coinbase",
      "symbol": "BTC-USD"
    },
    {
      "timestamp": 1754954841.910298,
      "datetime": "2025-08-11T23:27:21.910298Z",
      "trade_id": "860285245",
      "price": 118776.23,
      "size": 0.00326436,
      "side": "buy",
      "exchange": "coinbase",
      "symbol": "BTC-USD"
    },
    {
      "timestamp": 1754954841.910298,
      "datetime": "2025-08-11T23:27:21.910298Z",
      "trade_id": "860285244",
      "price": 118776.24,
      "size": 9e-06,
      "side": "buy",
      "exchange": "coinbase",
      "symbol": "BTC-USD"
    },
    {
      "timestamp": 1754954841.910298,
      "datetime": "2025-08-11T23:27:21.910298Z",
      "trade_id": "860285245",
      "price": 118776.23,
      "size": 0.00326436,
      "side": "buy",
      "exchange": "coinbase",
      "symbol": "BTC-USD"
    },
    {
      "timestamp": 1754954841.910298,
      "datetime": "2025-08-11T23:27:21.910298Z",
      "trade_id": "860285244",
      "price": 118776.24,
      "size": 9e-06,
      "side": "buy",
      "exchange": "coinbase",
      "symbol": "BTC-USD"
    },
    {
      "timestamp": 1754954841.910298,
      "datetime": "2025-08-11T23:27:21.910298Z",
      "trade_id": "860285244",
      "price": 118776.24,
      "size": 9e-06,
      "side": "buy",
      "exchange": "coinbase",
      "symbol": "BTC-USD"
    },
    {
      "timestamp": 1754954841.910298,
      "datetime": "2025-08-11T23:27:21.910298Z",
      "trade_id": "860285245",
      "price": 118776.23,
      "size": 0.00326436,
      "side": "buy",
      "exchange": "coinbase",
      "symbol": "BTC-USD"
    },
    {
      "timestamp": 1754954843.455278,
      "datetime": "2025-08-11T23:27:23.455278Z",
      "trade_id": "860285246",
      "price": 118776.23,
      "size": 0.01851839,
      "side": "buy",
      "exchange": "coinbase",
      "symbol": "BTC-USD"
    },
    {
      "timestamp": 1754954843.455278,
      "datetime": "2025-08-11T23:27:23.455278Z",
      "trade_id": "860285246",
      "price": 118776.23,
      "size": 0.01851839,
      "side": "buy",
      "exchange": "coinbase",
      "symbol": "BTC-USD"
    },
    {
      "timestamp": 1754954843.455278,
      "datetime": "2025-08-11T23:27:23.455278Z",
      "trade_id": "860285246",
      "price": 118776.23,
      "size": 0.01851839,
      "side": "buy",
      "exchange": "coinbase",
      "symbol": "BTC-USD"
    },
    {
      "timestamp": 1754954843.455278,
      "datetime": "2025-08-11T23:27:23.455278Z",
      "trade_id": "860285246",
      "price": 118776.23,
      "size": 0.01851839,
      "side": "buy",
      "exchange": "coinbase",
      "symbol": "BTC-USD"
    },
    {
      "timestamp": 1754954843.455278,
      "datetime": "2025-08-11T23:27:23.455278Z",
      "trade_id": "860285246",
      "price": 118776.23,
      "size": 0.01851839,
      "side": "buy",
      "exchange": "coinbase",
      "symbol": "BTC-USD"
    },
    {
      "timestamp": 1754954844.602905,
      "datetime": "2025-08-11T23:27:24.602905Z",
      "trade_id": "860285247",
      "price": 118776.23,
      "size": 2.2e-06,
      "side": "buy",
      "exchange": "coinbase",
      "symbol": "BTC-USD"
    },
    {
      "timestamp": 1754954844.602905,
      "datetime": "2025-08-11T23:27:24.602905Z",
      "trade_id": "860285247",
      "price": 118776.23,
      "size": 2.2e-06,
      "side": "buy",
      "exchange": "coinbase",
      "symbol": "BTC-USD"
    },
    {
      "timestamp": 1754954844.602905,
      "datetime": "2025-08-11T23:27:24.602905Z",
      "trade_id": "860285247",
      "price": 118776.23,
      "size": 2.2e-06,
      "side": "buy",
      "exchange": "coinbase",
      "symbol": "BTC-USD"
    },
    {
      "timestamp": 1754954844.602905,
      "datetime": "2025-08-11T23:27:24.602905Z",
      "trade_id": "860285247",
      "price": 118776.23,
      "size": 2.2e-06,
      "side": "buy",
      "exchange": "coinbase",
      "symbol": "BTC-USD"
    },
    {
      "timestamp": 1754954844.602905,
      "datetime": "2025-08-11T23:27:24.602905Z",
      "trade_id": "860285247",
      "price": 118776.23,
      "size": 2.2e-06,
      "side": "buy",
      "exchange": "coinbase",
      "symbol": "BTC-USD"
    },
    {
      "timestamp": 1754954844.675208,
      "datetime": "2025-08-11T23:27:24.675208Z",
      "trade_id": "860285248",
      "price": 118776.23,
      "size": 0.00040264,
      "side": "buy",
      "exchange": "coinbase",
      "symbol": "BTC-USD"
    },
    {
      "timestamp": 1754954844.675208,
      "datetime": "2025-08-11T23:27:24.675208Z",
      "trade_id": "860285248",
      "price": 118776.23,
      "size": 0.00040264,
      "side": "buy",
      "exchange": "coinbase",
      "symbol": "BTC-USD"
    },
    {
      "timestamp": 1754954844.675208,
      "datetime": "2025-08-11T23:27:24.675208Z",
      "trade_id": "860285248",
      "price": 118776.23,
      "size": 0.00040264,
      "side": "buy",
      "exchange": "coinbase",
      "symbol": "BTC-USD"
    },
    {
      "timestamp": 1754954844.675208,
      "datetime": "2025-08-11T23:27:24.675208Z",
      "trade_id": "860285248",
      "price": 118776.23,
      "size": 0.00040264,
      "side": "buy",
      "exchange": "coinbase",
      "symbol": "BTC-USD"
    },
    {
      "timestamp": 1754954844.675208,
      "datetime": "2025-08-11T23:27:24.675208Z",
      "trade_id": "860285248",
      "price": 118776.23,
      "size": 0.00040264,
      "side": "buy",
      "exchange": "coinbase",
      "symbol": "BTC-USD"
    },
    {
      "timestamp": 1754954844.834844,
      "datetime": "2025-08-11T23:27:24.834844Z",
      "trade_id": "860285249",
      "price": 118776.91,
      "size": 0.00015969,
      "side": "sell",
      "exchange": "coinbase",
      "symbol": "BTC-USD"
    },
    {
      "timestamp": 1754954844.834844,
      "datetime": "2025-08-11T23:27:24.834844Z",
      "trade_id": "860285249",
      "price": 118776.91,
      "size": 0.00015969,
      "side": "sell",
      "exchange": "coinbase",
      "symbol": "BTC-USD"
    },
    {
      "timestamp": 1754954844.834844,
      "datetime": "2025-08-11T23:27:24.834844Z",
      "trade_id": "860285249",
      "price": 118776.91,
      "size": 0.00015969,
      "side": "sell",
      "exchange": "coinbase",
      "symbol": "BTC-USD"
    },
    {
      "timestamp": 1754954844.834844,
      "datetime": "2025-08-11T23:27:24.834844Z",
      "trade_id": "860285249",
      "price": 118776.91,
      "size": 0.00015969,
      "side": "sell",
      "exchange": "coinbase",
      "symbol": "BTC-USD"
    },
    {
      "timestamp": 1754954844.834844,
      "datetime": "2025-08-11T23:27:24.834844Z",
      "trade_id": "860285249",
      "price": 118776.91,
      "size": 0.00015969,
      "side": "sell",
      "exchange": "coinbase",
      "symbol": "BTC-USD"
    },
    {
      "timestamp": 1754954845.307109,
      "datetime": "2025-08-11T23:27:25.307109Z",
      "trade_id": "860285250",
      "price": 118776.23,
      "size": 0.00078943,
      "side": "buy",
      "exchange": "coinbase",
      "symbol": "BTC-USD"
    },
    {
      "timestamp": 1754954845.307109,
      "datetime": "2025-08-11T23:27:25.307109Z",
      "trade_id": "860285250",
      "price": 118776.23,
      "size": 0.00078943,
      "side": "buy",
      "exchange": "coinbase",
      "symbol": "BTC-USD"
    },
    {
      "timestamp": 1754954845.307109,
      "datetime": "2025-08-11T23:27:25.307109Z",
      "trade_id": "860285250",
      "price": 118776.23,
      "size": 0.00078943,
      "side": "buy",
      "exchange": "coinbase",
      "symbol": "BTC-USD"
    },
    {
      "timestamp": 1754954845.307109,
      "datetime": "2025-08-11T23:27:25.307109Z",
      "trade_id": "860285250",
      "price": 118776.23,
      "size": 0.00078943,
      "side": "buy",
      "exchange": "coinbase",
      "symbol": "BTC-USD"
    },
    {
      "timestamp": 1754954845.307109,
      "datetime": "2025-08-11T23:27:25.307109Z",
      "trade_id": "860285250",
      "price": 118776.23,
      "size": 0.00078943,
      "side": "buy",
      "exchange": "coinbase",
      "symbol": "BTC-USD"
    },
    {
      "timestamp": 1754954845.926414,
      "datetime": "2025-08-11T23:27:25.926414Z",
      "trade_id": "860285251",
      "price": 118776.23,
      "size": 8.428e-05,
      "side": "buy",
      "exchange": "coinbase",
      "symbol": "BTC-USD"
    },
    {
      "timestamp": 1754954845.926414,
      "datetime": "2025-08-11T23:27:25.926414Z",
      "trade_id": "860285251",
      "price": 118776.23,
      "size": 8.428e-05,
      "side": "buy",
      "exchange": "coinbase",
      "symbol": "BTC-USD"
    },
    {
      "timestamp": 1754954845.926414,
      "datetime": "2025-08-11T23:27:25.926414Z",
      "trade_id": "860285251",
      "price": 118776.23,
      "size": 8.428e-05,
      "side": "buy",
      "exchange": "coinbase",
      "symbol": "BTC-USD"
    },
    {
      "timestamp": 1754954845.926414,
      "datetime": "2025-08-11T23:27:25.926414Z",
      "trade_id": "860285251",
      "price": 118776.23,
      "size": 8.428e-05,
      "side": "buy",
      "exchange": "coinbase",
      "symbol": "BTC-USD"
    },
    {
      "timestamp": 1754954845.926414,
      "datetime": "2025-08-11T23:27:25.926414Z",
      "trade_id": "860285251",
      "price": 118776.23,
      "size": 8.428e-05,
      "side": "buy",
      "exchange": "coinbase",
      "symbol": "BTC-USD"
    },
    {
      "timestamp": 1754954846.155095,
      "datetime": "2025-08-11T23:27:26.155095Z",
      "trade_id": "860285252",
      "price": 118776.91,
      "size": 0.00032122,
      "side": "sell",
      "exchange": "coinbase",
      "symbol": "BTC-USD"
    },
    {
      "timestamp": 1754954846.155095,
      "datetime": "2025-08-11T23:27:26.155095Z",
      "trade_id": "860285252",
      "price": 118776.91,
      "size": 0.00032122,
      "side": "sell",
      "exchange": "coinbase",
      "symbol": "BTC-USD"
    },
    {
      "timestamp": 1754954846.155095,
      "datetime": "2025-08-11T23:27:26.155095Z",
      "trade_id": "860285252",
      "price": 118776.91,
      "size": 0.00032122,
      "side": "sell",
      "exchange": "coinbase",
      "symbol": "BTC-USD"
    },
    {
      "timestamp": 1754954846.155095,
      "datetime": "2025-08-11T23:27:26.155095Z",
      "trade_id": "860285252",
      "price": 118776.91,
      "size": 0.00032122,
      "side": "sell",
      "exchange": "coinbase",
      "symbol": "BTC-USD"
    },
    {
      "timestamp": 1754954846.155095,
      "datetime": "2025-08-11T23:27:26.155095Z",
      "trade_id": "860285252",
      "price": 118776.91,
      "size": 0.00032122,
      "side": "sell",
      "exchange": "coinbase",
      "symbol": "BTC-USD"
    },
    {
      "timestamp": 1754954846.288846,
      "datetime": "2025-08-11T23:27:26.288846Z",
      "trade_id": "860285253",
      "price": 118776.91,
      "size": 0.00041673,
      "side": "sell",
      "exchange": "coinbase",
      "symbol": "BTC-USD"
    },
    {
      "timestamp": 1754954846.288846,
      "datetime": "2025-08-11T23:27:26.288846Z",
      "trade_id": "860285253",
      "price": 118776.91,
      "size": 0.00041673,
      "side": "sell",
      "exchange": "coinbase",
      "symbol": "BTC-USD"
    },
    {
      "timestamp": 1754954846.288846,
      "datetime": "2025-08-11T23:27:26.288846Z",
      "trade_id": "860285253",
      "price": 118776.91,
      "size": 0.00041673,
      "side": "sell",
      "exchange": "coinbase",
      "symbol": "BTC-USD"
    },
    {
      "timestamp": 1754954846.288846,
      "datetime": "2025-08-11T23:27:26.288846Z",
      "trade_id": "860285253",
      "price": 118776.91,
      "size": 0.00041673,
      "side": "sell",
      "exchange": "coinbase",
      "symbol": "BTC-USD"
    },
    {
      "timestamp": 1754954846.288846,
      "datetime": "2025-08-11T23:27:26.288846Z",
      "trade_id": "860285253",
      "price": 118776.91,
      "size": 0.00041673,
      "side": "sell",
      "exchange": "coinbase",
      "symbol": "BTC-USD"
    },
    {
      "timestamp": 1754954846.404864,
      "datetime": "2025-08-11T23:27:26.404864Z",
      "trade_id": "860285254",
      "price": 118779.02,
      "size": 0.00040907,
      "side": "sell",
      "exchange": "coinbase",
      "symbol": "BTC-USD"
    },
    {
      "timestamp": 1754954846.404864,
      "datetime": "2025-08-11T23:27:26.404864Z",
      "trade_id": "860285254",
      "price": 118779.02,
      "size": 0.00040907,
      "side": "sell",
      "exchange": "coinbase",
      "symbol": "BTC-USD"
    },
    {
      "timestamp": 1754954846.404864,
      "datetime": "2025-08-11T23:27:26.404864Z",
      "trade_id": "860285254",
      "price": 118779.02,
      "size": 0.00040907,
      "side": "sell",
      "exchange": "coinbase",
      "symbol": "BTC-USD"
    },
    {
      "timestamp": 1754954846.404864,
      "datetime": "2025-08-11T23:27:26.404864Z",
      "trade_id": "860285254",
      "price": 118779.02,
      "size": 0.00040907,
      "side": "sell",
      "exchange": "coinbase",
      "symbol": "BTC-USD"
    },
    {
      "timestamp": 1754954846.404864,
      "datetime": "2025-08-11T23:27:26.404864Z",
      "trade_id": "860285254",
      "price": 118779.02,
      "size": 0.00040907,
      "side": "sell",
      "exchange": "coinbase",
      "symbol": "BTC-USD"
    },
    {
      "timestamp": 1754954847.022874,
      "datetime": "2025-08-11T23:27:27.022874Z",
      "trade_id": "860285255",
      "price": 118778.55,
      "size": 6.25e-06,
      "side": "sell",
      "exchange": "coinbase",
      "symbol": "BTC-USD"
    },
    {
      "timestamp": 1754954847.022874,
      "datetime": "2025-08-11T23:27:27.022874Z",
      "trade_id": "860285255",
      "price": 118778.55,
      "size": 6.25e-06,
      "side": "sell",
      "exchange": "coinbase",
      "symbol": "BTC-USD"
    },
    {
      "timestamp": 1754954847.022874,
      "datetime": "2025-08-11T23:27:27.022874Z",
      "trade_id": "860285255",
      "price": 118778.55,
      "size": 6.25e-06,
      "side": "sell",
      "exchange": "coinbase",
      "symbol": "BTC-USD"
    },
    {
      "timestamp": 1754954847.022874,
      "datetime": "2025-08-11T23:27:27.022874Z",
      "trade_id": "860285255",
      "price": 118778.55,
      "size": 6.25e-06,
      "side": "sell",
      "exchange": "coinbase",
      "symbol": "BTC-USD"
    },
    {
      "timestamp": 1754954847.022874,
      "datetime": "2025-08-11T23:27:27.022874Z",
      "trade_id": "860285255",
      "price": 118778.55,
      "size": 6.25e-06,
      "side": "sell",
      "exchange": "coinbase",
      "symbol": "BTC-USD"
    },
    {
      "timestamp": 1754954847.097581,
      "datetime": "2025-08-11T23:27:27.097581Z",
      "trade_id": "860285256",
      "price": 118776.23,
      "size": 0.00024415,
      "side": "buy",
      "exchange": "coinbase",
      "symbol": "BTC-USD"
    },
    {
      "timestamp": 1754954847.097581,
      "datetime": "2025-08-11T23:27:27.097581Z",
      "trade_id": "860285256",
      "price": 118776.23,
      "size": 0.00024415,
      "side": "buy",
      "exchange": "coinbase",
      "symbol": "BTC-USD"
    },
    {
      "timestamp": 1754954847.097581,
      "datetime": "2025-08-11T23:27:27.097581Z",
      "trade_id": "860285256",
      "price": 118776.23,
      "size": 0.00024415,
      "side": "buy",
      "exchange": "coinbase",
      "symbol": "BTC-USD"
    },
    {
      "timestamp": 1754954847.097581,
      "datetime": "2025-08-11T23:27:27.097581Z",
      "trade_id": "860285256",
      "price": 118776.23,
      "size": 0.00024415,
      "side": "buy",
      "exchange": "coinbase",
      "symbol": "BTC-USD"
    },
    {
      "timestamp": 1754954847.097581,
      "datetime": "2025-08-11T23:27:27.097581Z",
      "trade_id": "860285256",
      "price": 118776.23,
      "size": 0.00024415,
      "side": "buy",
      "exchange": "coinbase",
      "symbol": "BTC-USD"
    },
    {
      "timestamp": 1754954848.365695,
      "datetime": "2025-08-11T23:27:28.365695Z",
      "trade_id": "860285257",
      "price": 118776.61,
      "size": 8.126e-05,
      "side": "sell",
      "exchange": "coinbase",
      "symbol": "BTC-USD"
    },
    {
      "timestamp": 1754954848.365695,
      "datetime": "2025-08-11T23:27:28.365695Z",
      "trade_id": "860285257",
      "price": 118776.61,
      "size": 8.126e-05,
      "side": "sell",
      "exchange": "coinbase",
      "symbol": "BTC-USD"
    },
    {
      "timestamp": 1754954848.365695,
      "datetime": "2025-08-11T23:27:28.365695Z",
      "trade_id": "860285257",
      "price": 118776.61,
      "size": 8.126e-05,
      "side": "sell",
      "exchange": "coinbase",
      "symbol": "BTC-USD"
    },
    {
      "timestamp": 1754954848.365695,
      "datetime": "2025-08-11T23:27:28.365695Z",
      "trade_id": "860285257",
      "price": 118776.61,
      "size": 8.126e-05,
      "side": "sell",
      "exchange": "coinbase",
      "symbol": "BTC-USD"
    },
    {
      "timestamp": 1754954848.365695,
      "datetime": "2025-08-11T23:27:28.365695Z",
      "trade_id": "860285257",
      "price": 118776.61,
      "size": 8.126e-05,
      "side": "sell",
      "exchange": "coinbase",
      "symbol": "BTC-USD"
    },
    {
      "timestamp": 1754954848.380837,
      "datetime": "2025-08-11T23:27:28.380837Z",
      "trade_id": "860285258",
      "price": 118776.61,
      "size": 8.127e-05,
      "side": "sell",
      "exchange": "coinbase",
      "symbol": "BTC-USD"
    },
    {
      "timestamp": 1754954848.380837,
      "datetime": "2025-08-11T23:27:28.380837Z",
      "trade_id": "860285258",
      "price": 118776.61,
      "size": 8.127e-05,
      "side": "sell",
      "exchange": "coinbase",
      "symbol": "BTC-USD"
    },
    {
      "timestamp": 1754954848.380837,
      "datetime": "2025-08-11T23:27:28.380837Z",
      "trade_id": "860285258",
      "price": 118776.61,
      "size": 8.127e-05,
      "side": "sell",
      "exchange": "coinbase",
      "symbol": "BTC-USD"
    },
    {
      "timestamp": 1754954848.380837,
      "datetime": "2025-08-11T23:27:28.380837Z",
      "trade_id": "860285258",
      "price": 118776.61,
      "size": 8.127e-05,
      "side": "sell",
      "exchange": "coinbase",
      "symbol": "BTC-USD"
    },
    {
      "timestamp": 1754954848.380837,
      "datetime": "2025-08-11T23:27:28.380837Z",
      "trade_id": "860285258",
      "price": 118776.61,
      "size": 8.127e-05,
      "side": "sell",
      "exchange": "coinbase",
      "symbol": "BTC-USD"
    },
    {
      "timestamp": 1754954848.519219,
      "datetime": "2025-08-11T23:27:28.519219Z",
      "trade_id": "860285259",
      "price": 118776.61,
      "size": 3.959e-05,
      "side": "sell",
      "exchange": "coinbase",
      "symbol": "BTC-USD"
    },
    {
      "timestamp": 1754954848.519219,
      "datetime": "2025-08-11T23:27:28.519219Z",
      "trade_id": "860285259",
      "price": 118776.61,
      "size": 3.959e-05,
      "side": "sell",
      "exchange": "coinbase",
      "symbol": "BTC-USD"
    },
    {
      "timestamp": 1754954848.519219,
      "datetime": "2025-08-11T23:27:28.519219Z",
      "trade_id": "860285259",
      "price": 118776.61,
      "size": 3.959e-05,
      "side": "sell",
      "exchange": "coinbase",
      "symbol": "BTC-USD"
    },
    {
      "timestamp": 1754954848.519219,
      "datetime": "2025-08-11T23:27:28.519219Z",
      "trade_id": "860285259",
      "price": 118776.61,
      "size": 3.959e-05,
      "side": "sell",
      "exchange": "coinbase",
      "symbol": "BTC-USD"
    },
    {
      "timestamp": 1754954848.519219,
      "datetime": "2025-08-11T23:27:28.519219Z",
      "trade_id": "860285259",
      "price": 118776.61,
      "size": 3.959e-05,
      "side": "sell",
      "exchange": "coinbase",
      "symbol": "BTC-USD"
    },
    {
      "timestamp": 1754954848.584427,
      "datetime": "2025-08-11T23:27:28.584427Z",
      "trade_id": "860285260",
      "price": 118776.61,
      "size": 0.00081813,
      "side": "sell",
      "exchange": "coinbase",
      "symbol": "BTC-USD"
    },
    {
      "timestamp": 1754954848.584427,
      "datetime": "2025-08-11T23:27:28.584427Z",
      "trade_id": "860285260",
      "price": 118776.61,
      "size": 0.00081813,
      "side": "sell",
      "exchange": "coinbase",
      "symbol": "BTC-USD"
    },
    {
      "timestamp": 1754954848.584427,
      "datetime": "2025-08-11T23:27:28.584427Z",
      "trade_id": "860285260",
      "price": 118776.61,
      "size": 0.00081813,
      "side": "sell",
      "exchange": "coinbase",
      "symbol": "BTC-USD"
    },
    {
      "timestamp": 1754954848.584427,
      "datetime": "2025-08-11T23:27:28.584427Z",
      "trade_id": "860285260",
      "price": 118776.61,
      "size": 0.00081813,
      "side": "sell",
      "exchange": "coinbase",
      "symbol": "BTC-USD"
    },
    {
      "timestamp": 1754954848.584427,
      "datetime": "2025-08-11T23:27:28.584427Z",
      "trade_id": "860285260",
      "price": 118776.61,
      "size": 0.00081813,
      "side": "sell",
      "exchange": "coinbase",
      "symbol": "BTC-USD"
    },
    {
      "timestamp": 1754954848.653572,
      "datetime": "2025-08-11T23:27:28.653572Z",
      "trade_id": "860285261",
      "price": 118776.23,
      "size": 0.00029467,
      "side": "buy",
      "exchange": "coinbase",
      "symbol": "BTC-USD"
    },
    {
      "timestamp": 1754954848.653572,
      "datetime": "2025-08-11T23:27:28.653572Z",
      "trade_id": "860285261",
      "price": 118776.23,
      "size": 0.00029467,
      "side": "buy",
      "exchange": "coinbase",
      "symbol": "BTC-USD"
    },
    {
      "timestamp": 1754954848.653572,
      "datetime": "2025-08-11T23:27:28.653572Z",
      "trade_id": "860285261",
      "price": 118776.23,
      "size": 0.00029467,
      "side": "buy",
      "exchange": "coinbase",
      "symbol": "BTC-USD"
    },
    {
      "timestamp": 1754954848.653572,
      "datetime": "2025-08-11T23:27:28.653572Z",
      "trade_id": "860285261",
      "price": 118776.23,
      "size": 0.00029467,
      "side": "buy",
      "exchange": "coinbase",
      "symbol": "BTC-USD"
    },
    {
      "timestamp": 1754954848.653572,
      "datetime": "2025-08-11T23:27:28.653572Z",
      "trade_id": "860285261",
      "price": 118776.23,
      "size": 0.00029467,
      "side": "buy",
      "exchange": "coinbase",
      "symbol": "BTC-USD"
    },
    {
      "timestamp": 1754954849.314621,
      "datetime": "2025-08-11T23:27:29.314621Z",
      "trade_id": "860285262",
      "price": 118778.81,
      "size": 0.00031939,
      "side": "sell",
      "exchange": "coinbase",
      "symbol": "BTC-USD"
    },
    {
      "timestamp": 1754954849.314621,
      "datetime": "2025-08-11T23:27:29.314621Z",
      "trade_id": "860285262",
      "price": 118778.81,
      "size": 0.00031939,
      "side": "sell",
      "exchange": "coinbase",
      "symbol": "BTC-USD"
    },
    {
      "timestamp": 1754954849.314621,
      "datetime": "2025-08-11T23:27:29.314621Z",
      "trade_id": "860285262",
      "price": 118778.81,
      "size": 0.00031939,
      "side": "sell",
      "exchange": "coinbase",
      "symbol": "BTC-USD"
    },
    {
      "timestamp": 1754954849.314621,
      "datetime": "2025-08-11T23:27:29.314621Z",
      "trade_id": "860285262",
      "price": 118778.81,
      "size": 0.00031939,
      "side": "sell",
      "exchange": "coinbase",
      "symbol": "BTC-USD"
    },
    {
      "timestamp": 1754954849.314621,
      "datetime": "2025-08-11T23:27:29.314621Z",
      "trade_id": "860285262",
      "price": 118778.81,
      "size": 0.00031939,
      "side": "sell",
      "exchange": "coinbase",
      "symbol": "BTC-USD"
    },
    {
      "timestamp": 1754954849.321735,
      "datetime": "2025-08-11T23:27:29.321735Z",
      "trade_id": "860285263",
      "price": 118778.81,
      "size": 0.00020454,
      "side": "sell",
      "exchange": "coinbase",
      "symbol": "BTC-USD"
    },
    {
      "timestamp": 1754954849.321735,
      "datetime": "2025-08-11T23:27:29.321735Z",
      "trade_id": "860285263",
      "price": 118778.81,
      "size": 0.00020454,
      "side": "sell",
      "exchange": "coinbase",
      "symbol": "BTC-USD"
    },
    {
      "timestamp": 1754954849.321735,
      "datetime": "2025-08-11T23:27:29.321735Z",
      "trade_id": "860285263",
      "price": 118778.81,
      "size": 0.00020454,
      "side": "sell",
      "exchange": "coinbase",
      "symbol": "BTC-USD"
    },
    {
      "timestamp": 1754954849.321735,
      "datetime": "2025-08-11T23:27:29.321735Z",
      "trade_id": "860285263",
      "price": 118778.81,
      "size": 0.00020454,
      "side": "sell",
      "exchange": "coinbase",
      "symbol": "BTC-USD"
    },
    {
      "timestamp": 1754954849.321735,
      "datetime": "2025-08-11T23:27:29.321735Z",
      "trade_id": "860285263",
      "price": 118778.81,
      "size": 0.00020454,
      "side": "sell",
      "exchange": "coinbase",
      "symbol": "BTC-USD"
    },
    {
      "timestamp": 1754954849.34841,
      "datetime": "2025-08-11T23:27:29.348410Z",
      "trade_id": "860285264",
      "price": 118778.81,
      "size": 0.00016669,
      "side": "sell",
      "exchange": "coinbase",
      "symbol": "BTC-USD"
    },
    {
      "timestamp": 1754954849.34841,
      "datetime": "2025-08-11T23:27:29.348410Z",
      "trade_id": "860285264",
      "price": 118778.81,
      "size": 0.00016669,
      "side": "sell",
      "exchange": "coinbase",
      "symbol": "BTC-USD"
    },
    {
      "timestamp": 1754954849.34841,
      "datetime": "2025-08-11T23:27:29.348410Z",
      "trade_id": "860285264",
      "price": 118778.81,
      "size": 0.00016669,
      "side": "sell",
      "exchange": "coinbase",
      "symbol": "BTC-USD"
    },
    {
      "timestamp": 1754954849.34841,
      "datetime": "2025-08-11T23:27:29.348410Z",
      "trade_id": "860285264",
      "price": 118778.81,
      "size": 0.00016669,
      "side": "sell",
      "exchange": "coinbase",
      "symbol": "BTC-USD"
    },
    {
      "timestamp": 1754954849.34841,
      "datetime": "2025-08-11T23:27:29.348410Z",
      "trade_id": "860285264",
      "price": 118778.81,
      "size": 0.00016669,
      "side": "sell",
      "exchange": "coinbase",
      "symbol": "BTC-USD"
    },
    {
      "timestamp": 1754954850.306773,
      "datetime": "2025-08-11T23:27:30.306773Z",
      "trade_id": "860285265",
      "price": 118778.81,
      "size": 0.00250044,
      "side": "sell",
      "exchange": "coinbase",
      "symbol": "BTC-USD"
    },
    {
      "timestamp": 1754954850.306773,
      "datetime": "2025-08-11T23:27:30.306773Z",
      "trade_id": "860285265",
      "price": 118778.81,
      "size": 0.00250044,
      "side": "sell",
      "exchange": "coinbase",
      "symbol": "BTC-USD"
    },
    {
      "timestamp": 1754954850.306773,
      "datetime": "2025-08-11T23:27:30.306773Z",
