{
  "trades_count": 100000,
  "first_trade": {
    "price": 115304.6,
    "volume": 8.889e-05,
    "timestamp": "2025-08-04 23:14:12.175071001",
    "side": "s",
    "type": "l",
    "misc": ""
  },
  "last_trade": {
    "price": 116912.4,
    "volume": 5.345e-05,
    "timestamp": "2025-08-08 07:42:19.711877346",
    "side": "s",
    "type": "l",
    "misc": ""
  },
  "data": [
    {
      "price": 115304.6,
      "volume": 8.889e-05,
      "timestamp": "2025-08-04 23:14:12.175071001",
      "side": "s",
      "type": "l",
      "misc": ""
    },
    {
      "price": 115304.7,
      "volume": 1.692e-05,
      "timestamp": "2025-08-04 23:14:12.593048573",
      "side": "b",
      "type": "l",
      "misc": ""
    },
    {
      "price": 115304.6,
      "volume": 5.033e-05,
      "timestamp": "2025-08-04 23:14:18.447355032",
      "side": "s",
      "type": "m",
      "misc": ""
    },
    {
      "price": 115304.6,
      "volume": 0.00142549,
      "timestamp": "2025-08-04 23:14:22.978080750",
      "side": "s",
      "type": "l",
      "misc": ""
    },
    {
      "price": 115304.6,
      "volume": 0.00013577,
      "timestamp": "2025-08-04 23:14:25.280909777",
      "side": "s",
      "type": "l",
      "misc": ""
    },
    {
      "price": 115304.7,
      "volume": 0.00028286,
      "timestamp": "2025-08-04 23:14:26.441890001",
      "side": "b",
      "type": "l",
      "misc": ""
    },
    {
      "price": 115304.6,
      "volume": 0.00056338,
      "timestamp": "2025-08-04 23:14:27.844477654",
      "side": "s",
      "type": "l",
      "misc": ""
    },
    {
      "price": 115304.6,
      "volume": 0.00185405,
      "timestamp": "2025-08-04 23:14:34.550402880",
      "side": "s",
      "type": "l",
      "misc": ""
    },
    {
      "price": 115304.6,
      "volume": 0.0016669,
      "timestamp": "2025-08-04 23:14:37.846722126",
      "side": "s",
      "type": "m",
      "misc": ""
    },
    {
      "price": 115304.7,
      "volume": 7.928e-05,
      "timestamp": "2025-08-04 23:14:51.333183527",
      "side": "b",
      "type": "l",
      "misc": ""
    },
    {
      "price": 115304.7,
      "volume": 0.00585509,
      "timestamp": "2025-08-04 23:14:51.513242483",
      "side": "b",
      "type": "m",
      "misc": ""
    },
    {
      "price": 115304.7,
      "volume": 0.00010717,
      "timestamp": "2025-08-04 23:14:51.513242483",
      "side": "b",
      "type": "m",
      "misc": ""
    },
    {
      "price": 115304.7,
      "volume": 0.0008106,
      "timestamp": "2025-08-04 23:14:51.513242722",
      "side": "b",
      "type": "m",
      "misc": ""
    },
    {
      "price": 115304.8,
      "volume": 0.00342167,
      "timestamp": "2025-08-04 23:14:51.513242722",
      "side": "b",
      "type": "m",
      "misc": ""
    },
    {
      "price": 115312.4,
      "volume": 5.42e-05,
      "timestamp": "2025-08-04 23:14:51.513242722",
      "side": "b",
      "type": "m",
      "misc": ""
    },
    {
      "price": 115313.6,
      "volume": 0.00175127,
      "timestamp": "2025-08-04 23:14:51.513242722",
      "side": "b",
      "type": "m",
      "misc": ""
    },
    {
      "price": 115313.6,
      "volume": 0.0002136,
      "timestamp": "2025-08-04 23:15:20.323009968",
      "side": "b",
      "type": "l",
      "misc": ""
    },
    {
      "price": 115313.5,
      "volume": 0.00091681,
      "timestamp": "2025-08-04 23:15:29.421311378",
      "side": "s",
      "type": "l",
      "misc": ""
    },
    {
      "price": 115313.5,
      "volume": 0.009477,
      "timestamp": "2025-08-04 23:15:48.642803907",
      "side": "s",
      "type": "m",
      "misc": ""
    },
    {
      "price": 115313.6,
      "volume": 1.875e-05,
      "timestamp": "2025-08-04 23:15:50.789093733",
      "side": "b",
      "type": "l",
      "misc": ""
    },
    {
      "price": 115313.6,
      "volume": 0.00085438,
      "timestamp": "2025-08-04 23:16:04.737190008",
      "side": "b",
      "type": "l",
      "misc": ""
    },
    {
      "price": 115313.5,
      "volume": 0.00030265,
      "timestamp": "2025-08-04 23:16:04.972390175",
      "side": "s",
      "type": "m",
      "misc": ""
    },
    {
      "price": 115313.5,
      "volume": 0.01704137,
      "timestamp": "2025-08-04 23:16:15.525299788",
      "side": "s",
      "type": "l",
      "misc": ""
    },
    {
      "price": 115313.5,
      "volume": 0.00090963,
      "timestamp": "2025-08-04 23:16:15.525299788",
      "side": "s",
      "type": "l",
      "misc": ""
    },
    {
      "price": 115313.5,
      "volume": 0.1379395,
      "timestamp": "2025-08-04 23:16:15.525299788",
      "side": "s",
      "type": "l",
      "misc": ""
    },
    {
      "price": 115313.5,
      "volume": 0.00281662,
      "timestamp": "2025-08-04 23:16:17.524065018",
      "side": "s",
      "type": "l",
      "misc": ""
    },
    {
      "price": 115313.6,
      "volume": 0.00427192,
      "timestamp": "2025-08-04 23:16:18.471492529",
      "side": "b",
      "type": "l",
      "misc": ""
    },
    {
      "price": 115313.5,
      "volume": 0.04336513,
      "timestamp": "2025-08-04 23:16:28.035848856",
      "side": "s",
      "type": "l",
      "misc": ""
    },
    {
      "price": 115313.6,
      "volume": 5e-05,
      "timestamp": "2025-08-04 23:16:39.213978529",
      "side": "b",
      "type": "l",
      "misc": ""
    },
    {
      "price": 115313.6,
      "volume": 0.00257256,
      "timestamp": "2025-08-04 23:17:11.403084993",
      "side": "b",
      "type": "l",
      "misc": ""
    },
    {
      "price": 115313.5,
      "volume": 0.002573,
      "timestamp": "2025-08-04 23:17:12.152558804",
      "side": "s",
      "type": "m",
      "misc": ""
    },
    {
      "price": 115313.6,
      "volume": 0.00128158,
      "timestamp": "2025-08-04 23:17:14.028125525",
      "side": "b",
      "type": "l",
      "misc": ""
    },
    {
      "price": 115313.5,
      "volume": 0.00017344,
      "timestamp": "2025-08-04 23:17:21.606996059",
      "side": "s",
      "type": "l",
      "misc": ""
    },
    {
      "price": 115313.5,
      "volume": 0.00046476,
      "timestamp": "2025-08-04 23:17:31.656232595",
      "side": "s",
      "type": "l",
      "misc": ""
    },
    {
      "price": 115313.5,
      "volume": 5e-05,
      "timestamp": "2025-08-04 23:17:33.035657167",
      "side": "s",
      "type": "m",
      "misc": ""
    },
    {
      "price": 115313.6,
      "volume": 0.0001,
      "timestamp": "2025-08-04 23:17:44.605813503",
      "side": "b",
      "type": "m",
      "misc": ""
    },
    {
      "price": 115313.6,
      "volume": 0.00020506,
      "timestamp": "2025-08-04 23:17:49.912320852",
      "side": "b",
      "type": "l",
      "misc": ""
    },
    {
      "price": 115313.6,
      "volume": 0.00184875,
      "timestamp": "2025-08-04 23:17:49.912320852",
      "side": "b",
      "type": "l",
      "misc": ""
    },
    {
      "price": 115313.5,
      "volume": 0.00064255,
      "timestamp": "2025-08-04 23:17:51.230590820",
      "side": "s",
      "type": "l",
      "misc": ""
    },
    {
      "price": 115313.6,
      "volume": 0.0001,
      "timestamp": "2025-08-04 23:18:06.613853693",
      "side": "b",
      "type": "m",
      "misc": ""
    },
    {
      "price": 115313.6,
      "volume": 0.06324797,
      "timestamp": "2025-08-04 23:18:16.829627752",
      "side": "b",
      "type": "m",
      "misc": ""
    },
    {
      "price": 115313.6,
      "volume": 0.00179206,
      "timestamp": "2025-08-04 23:18:16.829627752",
      "side": "b",
      "type": "m",
      "misc": ""
    },
    {
      "price": 115313.6,
      "volume": 0.00846049,
      "timestamp": "2025-08-04 23:18:19.007415533",
      "side": "b",
      "type": "l",
      "misc": ""
    },
    {
      "price": 115313.6,
      "volume": 0.0001,
      "timestamp": "2025-08-04 23:18:24.622583866",
      "side": "b",
      "type": "m",
      "misc": ""
    },
    {
      "price": 115313.6,
      "volume": 0.00067872,
      "timestamp": "2025-08-04 23:18:26.142685413",
      "side": "b",
      "type": "m",
      "misc": ""
    },
    {
      "price": 115313.6,
      "volume": 0.00081221,
      "timestamp": "2025-08-04 23:18:26.287938356",
      "side": "b",
      "type": "l",
      "misc": ""
    },
    {
      "price": 115313.6,
      "volume": 0.01743355,
      "timestamp": "2025-08-04 23:18:26.746687651",
      "side": "b",
      "type": "l",
      "misc": ""
    },
    {
      "price": 115313.5,
      "volume": 0.00118,
      "timestamp": "2025-08-04 23:18:31.504585266",
      "side": "s",
      "type": "l",
      "misc": ""
    },
    {
      "price": 115313.6,
      "volume": 0.0001319,
      "timestamp": "2025-08-04 23:18:38.449559450",
      "side": "b",
      "type": "l",
      "misc": ""
    },
    {
      "price": 115313.6,
      "volume": 0.00042719,
      "timestamp": "2025-08-04 23:18:41.000301838",
      "side": "b",
      "type": "l",
      "misc": ""
    },
    {
      "price": 115313.6,
      "volume": 0.00084605,
      "timestamp": "2025-08-04 23:18:46.930653334",
      "side": "b",
      "type": "l",
      "misc": ""
    },
    {
      "price": 115313.6,
      "volume": 0.01173216,
      "timestamp": "2025-08-04 23:18:48.182815313",
      "side": "b",
      "type": "m",
      "misc": ""
    },
    {
      "price": 115313.6,
      "volume": 0.00450961,
      "timestamp": "2025-08-04 23:19:03.647922277",
      "side": "b",
      "type": "l",
      "misc": ""
    },
    {
      "price": 115313.6,
      "volume": 0.00011845,
      "timestamp": "2025-08-04 23:19:07.379721165",
      "side": "b",
      "type": "l",
      "misc": ""
    },
    {
      "price": 115313.6,
      "volume": 8.663e-05,
      "timestamp": "2025-08-04 23:19:09.963768482",
      "side": "b",
      "type": "l",
      "misc": ""
    },
    {
      "price": 115313.5,
      "volume": 0.00183337,
      "timestamp": "2025-08-04 23:19:13.447460890",
      "side": "s",
      "type": "l",
      "misc": ""
    },
    {
      "price": 115313.6,
      "volume": 0.00067059,
      "timestamp": "2025-08-04 23:19:13.695877552",
      "side": "b",
      "type": "l",
      "misc": ""
    },
    {
      "price": 115313.6,
      "volume": 0.00064673,
      "timestamp": "2025-08-04 23:19:14.258769511",
      "side": "b",
      "type": "l",
      "misc": ""
    },
    {
      "price": 115313.6,
      "volume": 5e-05,
      "timestamp": "2025-08-04 23:19:14.957323074",
      "side": "b",
      "type": "l",
      "misc": ""
    },
    {
      "price": 115313.5,
      "volume": 0.000647,
      "timestamp": "2025-08-04 23:19:14.988147020",
      "side": "s",
      "type": "m",
      "misc": ""
    },
    {
      "price": 115313.6,
      "volume": 0.0013008,
      "timestamp": "2025-08-04 23:19:20.050821304",
      "side": "b",
      "type": "l",
      "misc": ""
    },
    {
      "price": 115313.6,
      "volume": 0.02563154,
      "timestamp": "2025-08-04 23:19:27.876610994",
      "side": "b",
      "type": "l",
      "misc": ""
    },
    {
      "price": 115313.5,
      "volume": 0.00020404,
      "timestamp": "2025-08-04 23:19:35.544488192",
      "side": "s",
      "type": "l",
      "misc": ""
    },
    {
      "price": 115313.5,
      "volume": 0.00021257,
      "timestamp": "2025-08-04 23:19:42.443951607",
      "side": "s",
      "type": "l",
      "misc": ""
    },
    {
      "price": 115313.5,
      "volume": 0.00239303,
      "timestamp": "2025-08-04 23:19:42.443951607",
      "side": "s",
      "type": "l",
      "misc": ""
    },
    {
      "price": 115313.6,
      "volume": 0.000257,
      "timestamp": "2025-08-04 23:19:45.148613691",
      "side": "b",
      "type": "l",
      "misc": ""
    },
    {
      "price": 115313.6,
      "volume": 0.00012201,
      "timestamp": "2025-08-04 23:19:49.055054665",
      "side": "b",
      "type": "l",
      "misc": ""
    },
    {
      "price": 115313.6,
      "volume": 0.00207412,
      "timestamp": "2025-08-04 23:20:01.874094248",
      "side": "b",
      "type": "l",
      "misc": ""
    },
    {
      "price": 115313.6,
      "volume": 0.8672,
      "timestamp": "2025-08-04 23:20:05.498141766",
      "side": "b",
      "type": "m",
      "misc": ""
    },
    {
      "price": 115313.6,
      "volume": 0.0002168,
      "timestamp": "2025-08-04 23:20:20.320736408",
      "side": "b",
      "type": "m",
      "misc": ""
    },
    {
      "price": 115313.6,
      "volume": 0.000405,
      "timestamp": "2025-08-04 23:20:39.196002007",
      "side": "b",
      "type": "l",
      "misc": ""
    },
    {
      "price": 115313.6,
      "volume": 0.0006173,
      "timestamp": "2025-08-04 23:20:40.582373381",
      "side": "b",
      "type": "l",
      "misc": ""
    },
    {
      "price": 115313.6,
      "volume": 0.0027716,
      "timestamp": "2025-08-04 23:20:44.332089186",
      "side": "b",
      "type": "l",
      "misc": ""
    },
    {
      "price": 115313.6,
      "volume": 8.63e-06,
      "timestamp": "2025-08-04 23:20:45.043690681",
      "side": "b",
      "type": "l",
      "misc": ""
    },
    {
      "price": 115313.5,
      "volume": 0.00040047,
      "timestamp": "2025-08-04 23:20:56.471321106",
      "side": "s",
      "type": "l",
      "misc": ""
    },
    {
      "price": 115313.6,
      "volume": 2.563e-05,
      "timestamp": "2025-08-04 23:20:58.046019554",
      "side": "b",
      "type": "l",
      "misc": ""
    },
    {
      "price": 115313.6,
      "volume": 0.00162653,
      "timestamp": "2025-08-04 23:20:58.332992792",
      "side": "b",
      "type": "l",
      "misc": ""
    },
    {
      "price": 115313.5,
      "volume": 0.00046673,
      "timestamp": "2025-08-04 23:21:01.495712042",
      "side": "s",
      "type": "l",
      "misc": ""
    },
    {
      "price": 115313.5,
      "volume": 0.0017344,
      "timestamp": "2025-08-04 23:21:01.495712042",
      "side": "s",
      "type": "l",
      "misc": ""
    },
    {
      "price": 115313.5,
      "volume": 5.611e-05,
      "timestamp": "2025-08-04 23:21:01.495712042",
      "side": "s",
      "type": "l",
      "misc": ""
    },
    {
      "price": 115313.5,
      "volume": 0.00445573,
      "timestamp": "2025-08-04 23:21:01.495712042",
      "side": "s",
      "type": "l",
      "misc": ""
    },
    {
      "price": 115313.6,
      "volume": 0.00325107,
      "timestamp": "2025-08-04 23:21:03.777874947",
      "side": "b",
      "type": "m",
      "misc": ""
    },
    {
      "price": 115313.6,
      "volume": 0.00202053,
      "timestamp": "2025-08-04 23:21:05.159891367",
      "side": "b",
      "type": "l",
      "misc": ""
    },
    {
      "price": 115313.6,
      "volume": 8.544e-05,
      "timestamp": "2025-08-04 23:21:09.410107851",
      "side": "b",
      "type": "l",
      "misc": ""
    },
    {
      "price": 115313.5,
      "volume": 0.00018746,
      "timestamp": "2025-08-04 23:21:24.401843786",
      "side": "s",
      "type": "l",
      "misc": ""
    },
    {
      "price": 115313.5,
      "volume": 0.00015957,
      "timestamp": "2025-08-04 23:21:25.097697735",
      "side": "s",
      "type": "m",
      "misc": ""
    },
    {
      "price": 115313.5,
      "volume": 0.01184043,
      "timestamp": "2025-08-04 23:21:25.097697735",
      "side": "s",
      "type": "m",
      "misc": ""
    },
    {
      "price": 115313.6,
      "volume": 0.00390258,
      "timestamp": "2025-08-04 23:21:32.156514406",
      "side": "b",
      "type": "m",
      "misc": ""
    },
    {
      "price": 115313.6,
      "volume": 0.00423025,
      "timestamp": "2025-08-04 23:21:40.451192141",
      "side": "b",
      "type": "l",
      "misc": ""
    },
    {
      "price": 115313.5,
      "volume": 0.00014187,
      "timestamp": "2025-08-04 23:21:42.440035343",
      "side": "s",
      "type": "l",
      "misc": ""
    },
    {
      "price": 115313.6,
      "volume": 0.00069017,
      "timestamp": "2025-08-04 23:21:43.042620897",
      "side": "b",
      "type": "l",
      "misc": ""
    },
    {
      "price": 115313.6,
      "volume": 0.0008672,
      "timestamp": "2025-08-04 23:21:46.053278208",
      "side": "b",
      "type": "m",
      "misc": ""
    },
    {
      "price": 115313.6,
      "volume": 0.00140486,
      "timestamp": "2025-08-04 23:22:01.325493097",
      "side": "b",
      "type": "m",
      "misc": ""
    },
    {
      "price": 115313.6,
      "volume": 0.00162653,
      "timestamp": "2025-08-04 23:22:16.103083849",
      "side": "b",
      "type": "l",
      "misc": ""
    },
    {
      "price": 115313.6,
      "volume": 0.04582399,
      "timestamp": "2025-08-04 23:22:17.816190243",
      "side": "b",
      "type": "m",
      "misc": ""
    },
    {
      "price": 115313.5,
      "volume": 0.00137453,
      "timestamp": "2025-08-04 23:22:31.287946463",
      "side": "s",
      "type": "l",
      "misc": ""
    },
    {
      "price": 115313.5,
      "volume": 0.00016476,
      "timestamp": "2025-08-04 23:22:31.287946463",
      "side": "s",
      "type": "l",
      "misc": ""
    },
    {
      "price": 115308.5,
      "volume": 0.0002,
      "timestamp": "2025-08-04 23:22:31.287946463",
      "side": "s",
      "type": "l",
      "misc": ""
    },
    {
      "price": 115308.5,
      "volume": 0.0002,
      "timestamp": "2025-08-04 23:22:31.287946463",
      "side": "s",
      "type": "l",
      "misc": ""
    },
    {
      "price": 115308.5,
      "volume": 0.00013422,
      "timestamp": "2025-08-04 23:22:31.287946701",
      "side": "s",
      "type": "l",
      "misc": ""
    },
    {
      "price": 115308.6,
      "volume": 0.01734476,
      "timestamp": "2025-08-04 23:22:37.863432646",
      "side": "b",
      "type": "l",
      "misc": ""
    },
    {
      "price": 115308.6,
      "volume": 0.07010323,
      "timestamp": "2025-08-04 23:22:37.863432646",
      "side": "b",
      "type": "l",
      "misc": ""
    },
    {
      "price": 115308.6,
      "volume": 0.27552833,
      "timestamp": "2025-08-04 23:22:37.863432646",
      "side": "b",
      "type": "l",
      "misc": ""
    },
    {
      "price": 115308.5,
      "volume": 5e-05,
      "timestamp": "2025-08-04 23:22:38.950443983",
      "side": "s",
      "type": "l",
      "misc": ""
    },
    {
      "price": 115308.5,
      "volume": 1.578e-05,
      "timestamp": "2025-08-04 23:22:42.230498791",
      "side": "s",
      "type": "m",
      "misc": ""
    },
    {
      "price": 115308.5,
      "volume": 0.0002,
      "timestamp": "2025-08-04 23:22:42.230498791",
      "side": "s",
      "type": "m",
      "misc": ""
    },
    {
      "price": 115308.5,
      "volume": 0.00011022,
      "timestamp": "2025-08-04 23:22:42.230498791",
      "side": "s",
      "type": "m",
      "misc": ""
    },
    {
      "price": 115308.6,
      "volume": 0.00082874,
      "timestamp": "2025-08-04 23:22:42.910058737",
      "side": "b",
      "type": "l",
      "misc": ""
    },
    {
      "price": 115308.6,
      "volume": 0.00202811,
      "timestamp": "2025-08-04 23:22:45.863808632",
      "side": "b",
      "type": "l",
      "misc": ""
    },
    {
      "price": 115308.6,
      "volume": 0.41933559,
      "timestamp": "2025-08-04 23:22:48.919464111",
      "side": "b",
      "type": "m",
      "misc": ""
    },
    {
      "price": 115308.5,
      "volume": 8.978e-05,
      "timestamp": "2025-08-04 23:22:55.658380985",
      "side": "s",
      "type": "l",
      "misc": ""
    },
    {
      "price": 115303.5,
      "volume": 0.0002,
      "timestamp": "2025-08-04 23:22:55.658380985",
      "side": "s",
      "type": "l",
      "misc": ""
    },
    {
      "price": 115302.0,
      "volume": 0.0075158,
      "timestamp": "2025-08-04 23:22:55.658380985",
      "side": "s",
      "type": "l",
      "misc": ""
    },
    {
      "price": 115302.0,
      "volume": 0.00401366,
      "timestamp": "2025-08-04 23:23:01.719326496",
      "side": "s",
      "type": "l",
      "misc": ""
    },
    {
      "price": 115302.0,
      "volume": 0.00016158,
      "timestamp": "2025-08-04 23:23:06.812785149",
      "side": "s",
      "type": "l",
      "misc": ""
    },
    {
      "price": 115302.1,
      "volume": 0.00172594,
      "timestamp": "2025-08-04 23:23:17.128923655",
      "side": "b",
      "type": "l",
      "misc": ""
    },
    {
      "price": 115302.0,
      "volume": 0.000109,
      "timestamp": "2025-08-04 23:23:33.565835238",
      "side": "s",
      "type": "l",
      "misc": ""
    },
    {
      "price": 115302.0,
      "volume": 0.008515,
      "timestamp": "2025-08-04 23:23:44.327842474",
      "side": "s",
      "type": "m",
      "misc": ""
    },
    {
      "price": 115302.1,
      "volume": 0.00086729,
      "timestamp": "2025-08-04 23:23:51.610246420",
      "side": "b",
      "type": "m",
      "misc": ""
    },
    {
      "price": 115302.0,
      "volume": 2.627e-05,
      "timestamp": "2025-08-04 23:23:52.767989635",
      "side": "s",
      "type": "l",
      "misc": ""
    },
    {
      "price": 115302.1,
      "volume": 0.00018397,
      "timestamp": "2025-08-04 23:23:58.791107416",
      "side": "b",
      "type": "l",
      "misc": ""
    },
    {
      "price": 115302.1,
      "volume": 0.00021196,
      "timestamp": "2025-08-04 23:24:00.864977121",
      "side": "b",
      "type": "l",
      "misc": ""
    },
    {
      "price": 115302.1,
      "volume": 0.04071806,
      "timestamp": "2025-08-04 23:24:19.974209785",
      "side": "b",
      "type": "l",
      "misc": ""
    },
    {
      "price": 115302.0,
      "volume": 0.000134,
      "timestamp": "2025-08-04 23:24:27.420468092",
      "side": "s",
      "type": "m",
      "misc": ""
    },
    {
      "price": 115302.0,
      "volume": 0.006944,
      "timestamp": "2025-08-04 23:24:27.718937874",
      "side": "s",
      "type": "l",
      "misc": ""
    },
    {
      "price": 115302.1,
      "volume": 8.006e-05,
      "timestamp": "2025-08-04 23:24:31.138718843",
      "side": "b",
      "type": "l",
      "misc": ""
    },
    {
      "price": 115302.0,
      "volume": 0.0521,
      "timestamp": "2025-08-04 23:24:31.995388269",
      "side": "s",
      "type": "l",
      "misc": ""
    },
    {
      "price": 115302.1,
      "volume": 0.00414605,
      "timestamp": "2025-08-04 23:24:47.082176208",
      "side": "b",
      "type": "l",
      "misc": ""
    },
    {
      "price": 115302.0,
      "volume": 0.00013009,
      "timestamp": "2025-08-04 23:25:01.089792490",
      "side": "s",
      "type": "l",
      "misc": ""
    },
    {
      "price": 115302.1,
      "volume": 0.00715764,
      "timestamp": "2025-08-04 23:25:03.900838137",
      "side": "b",
      "type": "l",
      "misc": ""
    },
    {
      "price": 115302.1,
      "volume": 0.00324325,
      "timestamp": "2025-08-04 23:25:03.900838137",
      "side": "b",
      "type": "l",
      "misc": ""
    },
    {
      "price": 115302.2,
      "volume": 0.00810547,
      "timestamp": "2025-08-04 23:25:03.900838137",
      "side": "b",
      "type": "l",
      "misc": ""
    },
    {
      "price": 115304.9,
      "volume": 0.01567243,
      "timestamp": "2025-08-04 23:25:03.900838137",
      "side": "b",
      "type": "l",
      "misc": ""
    },
    {
      "price": 115304.9,
      "volume": 0.00084613,
      "timestamp": "2025-08-04 23:25:04.313790560",
      "side": "b",
      "type": "l",
      "misc": ""
    },
    {
      "price": 115304.9,
      "volume": 0.00017345,
      "timestamp": "2025-08-04 23:25:06.802655458",
      "side": "b",
      "type": "m",
      "misc": ""
    },
    {
      "price": 115304.9,
      "volume": 0.00043363,
      "timestamp": "2025-08-04 23:25:09.042961597",
      "side": "b",
      "type": "l",
      "misc": ""
    },
    {
      "price": 115302.0,
      "volume": 0.00080848,
      "timestamp": "2025-08-04 23:25:13.761025190",
      "side": "s",
      "type": "l",
      "misc": ""
    },
    {
      "price": 115302.0,
      "volume": 0.00015303,
      "timestamp": "2025-08-04 23:25:21.144029856",
      "side": "s",
      "type": "l",
      "misc": ""
    },
    {
      "price": 115302.0,
      "volume": 0.000817,
      "timestamp": "2025-08-04 23:25:32.045845270",
      "side": "s",
      "type": "m",
      "misc": ""
    },
    {
      "price": 115302.1,
      "volume": 0.00026019,
      "timestamp": "2025-08-04 23:25:33.258308172",
      "side": "b",
      "type": "m",
      "misc": ""
    },
    {
      "price": 115302.1,
      "volume": 1.247e-05,
      "timestamp": "2025-08-04 23:25:43.063986300",
      "side": "b",
      "type": "l",
      "misc": ""
    },
    {
      "price": 115302.5,
      "volume": 0.00016396,
      "timestamp": "2025-08-04 23:25:52.090559721",
      "side": "b",
      "type": "l",
      "misc": ""
    },
    {
      "price": 115304.1,
      "volume": 1.262e-05,
      "timestamp": "2025-08-04 23:25:59.326223135",
      "side": "s",
      "type": "l",
      "misc": ""
    },
    {
      "price": 115304.2,
      "volume": 0.00014684,
      "timestamp": "2025-08-04 23:25:59.808147907",
      "side": "b",
      "type": "l",
      "misc": ""
    },
    {
      "price": 115304.9,
      "volume": 0.01281674,
      "timestamp": "2025-08-04 23:26:38.901901960",
      "side": "b",
      "type": "l",
      "misc": ""
    },
    {
      "price": 115304.8,
      "volume": 0.00011708,
      "timestamp": "2025-08-04 23:26:53.416125059",
      "side": "s",
      "type": "l",
      "misc": ""
    },
    {
      "price": 115304.9,
      "volume": 0.00017259,
      "timestamp": "2025-08-04 23:27:10.047903061",
      "side": "b",
      "type": "l",
      "misc": ""
    },
    {
      "price": 115304.9,
      "volume": 0.00036679,
      "timestamp": "2025-08-04 23:27:15.364780903",
      "side": "b",
      "type": "l",
      "misc": ""
    },
    {
      "price": 115304.8,
      "volume": 0.02601799,
      "timestamp": "2025-08-04 23:27:16.856075764",
      "side": "s",
      "type": "m",
      "misc": ""
    },
    {
      "price": 115304.9,
      "volume": 0.00377647,
      "timestamp": "2025-08-04 23:27:22.077068329",
      "side": "b",
      "type": "l",
      "misc": ""
    },
    {
      "price": 115304.9,
      "volume": 0.00049142,
      "timestamp": "2025-08-04 23:27:22.077068329",
      "side": "b",
      "type": "l",
      "misc": ""
    },
    {
      "price": 115305.0,
      "volume": 0.00985987,
      "timestamp": "2025-08-04 23:27:22.077068329",
      "side": "b",
      "type": "l",
      "misc": ""
    },
    {
      "price": 115309.9,
      "volume": 0.00155867,
      "timestamp": "2025-08-04 23:27:22.077068329",
      "side": "b",
      "type": "l",
      "misc": ""
    },
    {
      "price": 115309.9,
      "volume": 0.00016076,
      "timestamp": "2025-08-04 23:27:25.943261147",
      "side": "b",
      "type": "l",
      "misc": ""
    },
    {
      "price": 115309.8,
      "volume": 0.00492234,
      "timestamp": "2025-08-04 23:27:28.362273455",
      "side": "s",
      "type": "l",
      "misc": ""
    },
    {
      "price": 115309.9,
      "volume": 0.0046744,
      "timestamp": "2025-08-04 23:27:35.768861055",
      "side": "b",
      "type": "l",
      "misc": ""
    },
    {
      "price": 115313.6,
      "volume": 0.049,
      "timestamp": "2025-08-04 23:27:35.768861294",
      "side": "b",
      "type": "l",
      "misc": ""
    },
    {
      "price": 115319.9,
      "volume": 0.01213192,
      "timestamp": "2025-08-04 23:27:35.768861294",
      "side": "b",
      "type": "l",
      "misc": ""
    },
    {
      "price": 115320.2,
      "volume": 0.03250522,
      "timestamp": "2025-08-04 23:27:35.768861294",
      "side": "b",
      "type": "l",
      "misc": ""
    },
    {
      "price": 115322.2,
      "volume": 0.00168516,
      "timestamp": "2025-08-04 23:27:35.768861294",
      "side": "b",
      "type": "l",
      "misc": ""
    },
    {
      "price": 115320.5,
      "volume": 0.00086284,
      "timestamp": "2025-08-04 23:27:48.743247747",
      "side": "b",
      "type": "l",
      "misc": ""
    },
    {
      "price": 115320.5,
      "volume": 5e-05,
      "timestamp": "2025-08-04 23:27:51.571029663",
      "side": "b",
      "type": "m",
      "misc": ""
    },
    {
      "price": 115320.5,
      "volume": 0.00081227,
      "timestamp": "2025-08-04 23:27:58.542930126",
      "side": "b",
      "type": "l",
      "misc": ""
    },
    {
      "price": 115320.4,
      "volume": 0.3616,
      "timestamp": "2025-08-04 23:28:01.772610426",
      "side": "s",
      "type": "l",
      "misc": ""
    },
    {
      "price": 115320.4,
      "volume": 0.42139379,
      "timestamp": "2025-08-04 23:28:01.772610426",
      "side": "s",
      "type": "l",
      "misc": ""
    },
    {
      "price": 115320.4,
      "volume": 0.00716918,
      "timestamp": "2025-08-04 23:28:01.772610426",
      "side": "s",
      "type": "l",
      "misc": ""
    },
    {
      "price": 115320.4,
      "volume": 0.04,
      "timestamp": "2025-08-04 23:28:01.772610426",
      "side": "s",
      "type": "l",
      "misc": ""
    },
    {
      "price": 115319.8,
      "volume": 0.93015241,
      "timestamp": "2025-08-04 23:28:01.772610426",
      "side": "s",
      "type": "l",
      "misc": ""
    },
    {
      "price": 115320.3,
      "volume": 0.000846,
      "timestamp": "2025-08-04 23:28:07.958599567",
      "side": "b",
      "type": "l",
      "misc": ""
    },
    {
      "price": 115315.3,
      "volume": 0.00072577,
      "timestamp": "2025-08-04 23:28:31.266581534",
      "side": "b",
      "type": "l",
      "misc": ""
    },
    {
      "price": 115315.3,
      "volume": 0.00018687,
      "timestamp": "2025-08-04 23:28:36.137810230",
      "side": "b",
      "type": "l",
      "misc": ""
    },
    {
      "price": 115315.2,
      "volume": 0.000187,
      "timestamp": "2025-08-04 23:28:36.955215693",
      "side": "s",
      "type": "m",
      "misc": ""
    },
    {
      "price": 115315.3,
      "volume": 0.0004042,
      "timestamp": "2025-08-04 23:28:47.064056873",
      "side": "b",
      "type": "m",
      "misc": ""
    },
    {
      "price": 115315.2,
      "volume": 1.3e-05,
      "timestamp": "2025-08-04 23:28:57.379914284",
      "side": "s",
      "type": "l",
      "misc": ""
    },
    {
      "price": 115313.1,
      "volume": 0.00018673,
      "timestamp": "2025-08-04 23:28:57.379914284",
      "side": "s",
      "type": "l",
      "misc": ""
    },
    {
      "price": 115309.4,
      "volume": 0.00065042,
      "timestamp": "2025-08-04 23:29:04.818312168",
      "side": "b",
      "type": "m",
      "misc": ""
    },
    {
      "price": 115309.4,
      "volume": 0.00017344,
      "timestamp": "2025-08-04 23:29:09.134591579",
      "side": "b",
      "type": "m",
      "misc": ""
    },
    {
      "price": 115309.4,
      "volume": 0.00020144,
      "timestamp": "2025-08-04 23:29:09.462326288",
      "side": "b",
      "type": "l",
      "misc": ""
    },
    {
      "price": 115309.3,
      "volume": 7.392e-05,
      "timestamp": "2025-08-04 23:29:22.154710770",
      "side": "s",
      "type": "l",
      "misc": ""
    },
    {
      "price": 115309.4,
      "volume": 0.00026017,
      "timestamp": "2025-08-04 23:29:25.412415028",
      "side": "b",
      "type": "m",
      "misc": ""
    },
    {
      "price": 115309.1,
      "volume": 0.00041308,
      "timestamp": "2025-08-04 23:29:41.174287319",
      "side": "b",
      "type": "l",
      "misc": ""
    },
    {
      "price": 115309.2,
      "volume": 2.136e-05,
      "timestamp": "2025-08-04 23:29:47.403168201",
      "side": "b",
      "type": "l",
      "misc": ""
    },
    {
      "price": 115309.1,
      "volume": 0.00059526,
      "timestamp": "2025-08-04 23:29:48.971771479",
      "side": "s",
      "type": "l",
      "misc": ""
    },
    {
      "price": 115309.1,
      "volume": 0.0002664,
      "timestamp": "2025-08-04 23:29:51.016998768",
      "side": "s",
      "type": "l",
      "misc": ""
    },
    {
      "price": 115304.3,
      "volume": 2.387e-05,
      "timestamp": "2025-08-04 23:30:02.296352625",
      "side": "s",
      "type": "l",
      "misc": ""
    },
    {
      "price": 115304.4,
      "volume": 0.00325111,
      "timestamp": "2025-08-04 23:30:04.503821611",
      "side": "b",
      "type": "m",
      "misc": ""
    },
    {
      "price": 115304.4,
      "volume": 0.00016076,
      "timestamp": "2025-08-04 23:30:06.106541395",
      "side": "b",
      "type": "l",
      "misc": ""
    },
    {
      "price": 115304.4,
      "volume": 0.00069382,
      "timestamp": "2025-08-04 23:30:24.599577904",
      "side": "b",
      "type": "m",
      "misc": ""
    },
    {
      "price": 115304.4,
      "volume": 0.00129443,
      "timestamp": "2025-08-04 23:30:26.651245594",
      "side": "b",
      "type": "l",
      "misc": ""
    },
    {
      "price": 115304.4,
      "volume": 1.196e-05,
      "timestamp": "2025-08-04 23:30:30.041556358",
      "side": "b",
      "type": "l",
      "misc": ""
    },
    {
      "price": 115304.4,
      "volume": 0.00042723,
      "timestamp": "2025-08-04 23:30:31.935053825",
      "side": "b",
      "type": "l",
      "misc": ""
    },
    {
      "price": 115304.3,
      "volume": 0.00017613,
      "timestamp": "2025-08-04 23:30:44.024828434",
      "side": "s",
      "type": "m",
      "misc": ""
    },
    {
      "price": 115304.3,
      "volume": 0.00133787,
      "timestamp": "2025-08-04 23:30:44.024828434",
      "side": "s",
      "type": "m",
      "misc": ""
    },
    {
      "price": 115302.1,
      "volume": 0.00042306,
      "timestamp": "2025-08-04 23:30:47.684007645",
      "side": "b",
      "type": "l",
      "misc": ""
    },
    {
      "price": 115302.1,
      "volume": 0.00081391,
      "timestamp": "2025-08-04 23:31:06.795536041",
      "side": "b",
      "type": "l",
      "misc": ""
    },
    {
      "price": 115302.1,
      "volume": 0.00081388,
      "timestamp": "2025-08-04 23:31:10.071342468",
      "side": "b",
      "type": "l",
      "misc": ""
    },
    {
      "price": 115302.1,
      "volume": 0.00086312,
      "timestamp": "2025-08-04 23:31:18.669411421",
      "side": "b",
      "type": "m",
      "misc": ""
    },
    {
      "price": 115302.0,
      "volume": 0.00085341,
      "timestamp": "2025-08-04 23:31:26.492356777",
      "side": "s",
      "type": "l",
      "misc": ""
    },
    {
      "price": 115302.1,
      "volume": 0.00390271,
      "timestamp": "2025-08-04 23:31:27.414045811",
      "side": "b",
      "type": "l",
      "misc": ""
    },
    {
      "price": 115302.0,
      "volume": 0.0001908,
      "timestamp": "2025-08-04 23:31:31.941723824",
      "side": "s",
      "type": "m",
      "misc": ""
    },
    {
      "price": 115302.1,
      "volume": 0.00113805,
      "timestamp": "2025-08-04 23:31:40.265599966",
      "side": "b",
      "type": "l",
      "misc": ""
    },
    {
      "price": 115302.1,
      "volume": 3.572e-05,
      "timestamp": "2025-08-04 23:31:48.040436745",
      "side": "b",
      "type": "l",
      "misc": ""
    },
    {
      "price": 115302.0,
      "volume": 3.5e-07,
      "timestamp": "2025-08-04 23:32:07.803281307",
      "side": "s",
      "type": "l",
      "misc": ""
    },
    {
      "price": 115302.0,
      "volume": 0.0040904,
      "timestamp": "2025-08-04 23:32:07.803281307",
      "side": "s",
      "type": "l",
      "misc": ""
    },
    {
      "price": 115302.1,
      "volume": 0.00042307,
      "timestamp": "2025-08-04 23:32:07.836983442",
      "side": "b",
      "type": "l",
      "misc": ""
    },
    {
      "price": 115302.0,
      "volume": 0.00026019,
      "timestamp": "2025-08-04 23:32:08.034234285",
      "side": "s",
      "type": "m",
      "misc": ""
    },
    {
      "price": 115302.0,
      "volume": 0.00269525,
      "timestamp": "2025-08-04 23:32:09.267072678",
      "side": "s",
      "type": "m",
      "misc": ""
    },
    {
      "price": 115300.0,
      "volume": 5.42e-05,
      "timestamp": "2025-08-04 23:32:09.267072678",
      "side": "s",
      "type": "m",
      "misc": ""
    },
    {
      "price": 115299.8,
      "volume": 0.00047229,
      "timestamp": "2025-08-04 23:32:09.267072678",
      "side": "s",
      "type": "m",
      "misc": ""
    },
    {
      "price": 115299.9,
      "volume": 0.00033845,
      "timestamp": "2025-08-04 23:32:12.318905592",
      "side": "b",
      "type": "l",
      "misc": ""
    },
    {
      "price": 115299.9,
      "volume": 4.272e-05,
      "timestamp": "2025-08-04 23:32:14.047716856",
      "side": "b",
      "type": "l",
      "misc": ""
    },
    {
      "price": 115299.8,
      "volume": 0.0007168,
      "timestamp": "2025-08-04 23:32:14.168126106",
      "side": "s",
      "type": "l",
      "misc": ""
    },
    {
      "price": 115299.9,
      "volume": 0.00039027,
      "timestamp": "2025-08-04 23:32:16.697987318",
      "side": "b",
      "type": "l",
      "misc": ""
    },
    {
      "price": 115299.9,
      "volume": 0.00042307,
      "timestamp": "2025-08-04 23:32:25.514618635",
      "side": "b",
      "type": "l",
      "misc": ""
    },
    {
      "price": 115299.9,
      "volume": 2.021e-05,
      "timestamp": "2025-08-04 23:32:27.532858371",
      "side": "b",
      "type": "l",
      "misc": ""
    },
    {
      "price": 115299.8,
      "volume": 0.00045,
      "timestamp": "2025-08-04 23:32:32.673279285",
      "side": "s",
      "type": "m",
      "misc": ""
    },
    {
      "price": 115299.8,
      "volume": 0.00269743,
      "timestamp": "2025-08-04 23:32:42.045338392",
      "side": "s",
      "type": "m",
      "misc": ""
    },
    {
      "price": 115299.8,
      "volume": 0.0002,
      "timestamp": "2025-08-04 23:32:42.045338392",
      "side": "s",
      "type": "m",
      "misc": ""
    },
    {
      "price": 115299.8,
      "volume": 0.00867304,
      "timestamp": "2025-08-04 23:32:42.045338631",
      "side": "s",
      "type": "m",
      "misc": ""
    },
    {
      "price": 115299.6,
      "volume": 0.0002,
      "timestamp": "2025-08-04 23:32:42.045338631",
      "side": "s",
      "type": "m",
      "misc": ""
    },
    {
      "price": 115299.3,
      "volume": 0.0002,
      "timestamp": "2025-08-04 23:32:42.045338631",
      "side": "s",
      "type": "m",
      "misc": ""
    },
    {
      "price": 115297.0,
      "volume": 0.0002,
      "timestamp": "2025-08-04 23:32:42.045338631",
      "side": "s",
      "type": "m",
      "misc": ""
    },
    {
      "price": 115297.0,
      "volume": 0.0002,
      "timestamp": "2025-08-04 23:32:42.045338631",
      "side": "s",
      "type": "m",
      "misc": ""
    },
    {
      "price": 115297.0,
      "volume": 0.0002,
      "timestamp": "2025-08-04 23:32:42.045338631",
      "side": "s",
      "type": "m",
      "misc": ""
    },
    {
      "price": 115294.8,
      "volume": 0.0002,
      "timestamp": "2025-08-04 23:32:42.045338631",
      "side": "s",
      "type": "m",
      "misc": ""
    },
    {
      "price": 115288.5,
      "volume": 0.0002,
      "timestamp": "2025-08-04 23:32:42.045338631",
      "side": "s",
      "type": "m",
      "misc": ""
    },
    {
      "price": 115288.5,
      "volume": 0.0002,
      "timestamp": "2025-08-04 23:32:42.045338631",
      "side": "s",
      "type": "m",
      "misc": ""
    },
    {
      "price": 115287.6,
      "volume": 5.421e-05,
      "timestamp": "2025-08-04 23:32:42.045338631",
      "side": "s",
      "type": "m",
      "misc": ""
    },
    {
      "price": 115275.0,
      "volume": 5.421e-05,
      "timestamp": "2025-08-04 23:32:42.045338631",
      "side": "s",
      "type": "m",
      "misc": ""
    },
    {
      "price": 115269.0,
      "volume": 0.01655411,
      "timestamp": "2025-08-04 23:32:42.045338631",
      "side": "s",
      "type": "m",
      "misc": ""
    },
    {
      "price": 115269.0,
      "volume": 0.007602,
      "timestamp": "2025-08-04 23:32:42.363918066",
      "side": "s",
      "type": "m",
      "misc": ""
    },
    {
      "price": 115269.1,
      "volume": 0.00027344,
      "timestamp": "2025-08-04 23:32:46.258118629",
      "side": "b",
      "type": "l",
      "misc": ""
    },
    {
      "price": 115263.1,
      "volume": 0.003757,
      "timestamp": "2025-08-04 23:32:53.257273197",
      "side": "b",
      "type": "m",
      "misc": ""
    },
    {
      "price": 115263.0,
      "volume": 0.013014,
      "timestamp": "2025-08-04 23:32:55.197177410",
      "side": "s",
      "type": "l",
      "misc": ""
    },
    {
      "price": 115262.5,
      "volume": 5.422e-05,
      "timestamp": "2025-08-04 23:32:55.197177410",
      "side": "s",
      "type": "l",
      "misc": ""
    },
    {
      "price": 115252.5,
      "volume": 0.00867,
      "timestamp": "2025-08-04 23:32:55.197177410",
      "side": "s",
      "type": "l",
      "misc": ""
    },
    {
      "price": 115252.0,
      "volume": 0.2275,
      "timestamp": "2025-08-04 23:32:55.197177649",
      "side": "s",
      "type": "l",
      "misc": ""
    },
    {
      "price": 115250.0,
      "volume": 5.422e-05,
      "timestamp": "2025-08-04 23:32:55.197177649",
      "side": "s",
      "type": "l",
      "misc": ""
    },
    {
      "price": 115249.8,
      "volume": 0.08494704,
      "timestamp": "2025-08-04 23:32:55.197177649",
      "side": "s",
      "type": "l",
      "misc": ""
    },
    {
      "price": 115249.8,
      "volume": 0.0173536,
      "timestamp": "2025-08-04 23:32:55.197177649",
      "side": "s",
      "type": "l",
      "misc": ""
    },
    {
      "price": 115244.8,
      "volume": 0.0002,
      "timestamp": "2025-08-04 23:32:55.197177649",
      "side": "s",
      "type": "l",
      "misc": ""
    },
    {
      "price": 115244.8,
      "volume": 0.0002,
      "timestamp": "2025-08-04 23:32:55.197177649",
      "side": "s",
      "type": "l",
      "misc": ""
    },
    {
      "price": 115244.8,
      "volume": 0.0002,
      "timestamp": "2025-08-04 23:32:55.197177649",
      "side": "s",
      "type": "l",
      "misc": ""
    },
    {
      "price": 115244.8,
      "volume": 0.0002,
      "timestamp": "2025-08-04 23:32:55.197177649",
      "side": "s",
      "type": "l",
      "misc": ""
    },
    {
      "price": 115237.6,
      "volume": 0.01920995,
      "timestamp": "2025-08-04 23:32:59.859207153",
      "side": "b",
      "type": "l",
      "misc": ""
    },
    {
      "price": 115237.5,
      "volume": 5.423e-05,
      "timestamp": "2025-08-04 23:33:07.062778473",
      "side": "s",
      "type": "l",
      "misc": ""
    },
    {
      "price": 115234.8,
      "volume": 0.0002,
      "timestamp": "2025-08-04 23:33:07.062778473",
      "side": "s",
      "type": "l",
      "misc": ""
    },
    {
      "price": 115225.0,
      "volume": 5.424e-05,
      "timestamp": "2025-08-04 23:33:07.062778473",
      "side": "s",
      "type": "l",
      "misc": ""
    },
    {
      "price": 115223.7,
      "volume": 0.00728496,
      "timestamp": "2025-08-04 23:33:07.590119839",
      "side": "b",
      "type": "l",
      "misc": ""
    },
    {
      "price": 115223.7,
      "volume": 0.00021168,
      "timestamp": "2025-08-04 23:33:26.314461470",
      "side": "b",
      "type": "l",
      "misc": ""
    },
    {
      "price": 115223.7,
      "volume": 9.358e-05,
      "timestamp": "2025-08-04 23:33:30.076690674",
      "side": "b",
      "type": "l",
      "misc": ""
    },
    {
      "price": 115223.7,
      "volume": 8.55e-06,
      "timestamp": "2025-08-04 23:33:30.296502352",
      "side": "b",
      "type": "l",
      "misc": ""
    },
    {
      "price": 115223.7,
      "volume": 0.00081284,
      "timestamp": "2025-08-04 23:33:32.738646507",
      "side": "b",
      "type": "l",
      "misc": ""
    },
    {
      "price": 115223.7,
      "volume": 0.0008,
      "timestamp": "2025-08-04 23:33:40.492256880",
      "side": "b",
      "type": "l",
      "misc": ""
    },
    {
      "price": 115223.7,
      "volume": 0.00053787,
      "timestamp": "2025-08-04 23:33:41.261869431",
      "side": "b",
      "type": "l",
      "misc": ""
    },
    {
      "price": 115223.7,
      "volume": 0.00272812,
      "timestamp": "2025-08-04 23:33:41.261869431",
      "side": "b",
      "type": "l",
      "misc": ""
    },
    {
      "price": 115223.7,
      "volume": 0.00834191,
      "timestamp": "2025-08-04 23:33:41.261869431",
      "side": "b",
      "type": "l",
      "misc": ""
    },
    {
      "price": 115223.7,
      "volume": 0.0208073,
      "timestamp": "2025-08-04 23:33:41.261869431",
      "side": "b",
      "type": "l",
      "misc": ""
    },
    {
      "price": 115223.7,
      "volume": 0.00022239,
      "timestamp": "2025-08-04 23:33:48.277123451",
      "side": "s",
      "type": "l",
      "misc": ""
    },
    {
      "price": 115223.8,
      "volume": 0.00019155,
      "timestamp": "2025-08-04 23:33:48.760868788",
      "side": "b",
      "type": "l",
      "misc": ""
    },
    {
      "price": 115223.8,
      "volume": 0.00876145,
      "timestamp": "2025-08-04 23:33:50.916273832",
      "side": "b",
      "type": "m",
      "misc": ""
    },
    {
      "price": 115223.8,
      "volume": 0.00484264,
      "timestamp": "2025-08-04 23:33:50.916273832",
      "side": "b",
      "type": "m",
      "misc": ""
    },
    {
      "price": 115226.7,
      "volume": 0.00032949,
      "timestamp": "2025-08-04 23:33:54.803198099",
      "side": "b",
      "type": "l",
      "misc": ""
    },
    {
      "price": 115226.7,
      "volume": 7.273e-05,
      "timestamp": "2025-08-04 23:34:03.070938587",
      "side": "b",
      "type": "l",
      "misc": ""
    },
    {
      "price": 115226.7,
      "volume": 0.00021588,
      "timestamp": "2025-08-04 23:34:07.043536425",
      "side": "b",
      "type": "l",
      "misc": ""
    },
    {
      "price": 115226.7,
      "volume": 0.00188151,
      "timestamp": "2025-08-04 23:34:07.615188599",
      "side": "b",
      "type": "l",
      "misc": ""
    },
    {
      "price": 115226.6,
      "volume": 0.00083,
      "timestamp": "2025-08-04 23:34:08.170593977",
      "side": "s",
      "type": "l",
      "misc": ""
    },
    {
      "price": 115226.7,
      "volume": 8.679e-05,
      "timestamp": "2025-08-04 23:34:10.989682674",
      "side": "b",
      "type": "m",
      "misc": ""
    },
    {
      "price": 115226.7,
      "volume": 4.318e-05,
      "timestamp": "2025-08-04 23:34:12.044558764",
      "side": "b",
      "type": "l",
      "misc": ""
    },
    {
      "price": 115226.7,
      "volume": 0.00570818,
      "timestamp": "2025-08-04 23:34:25.120807886",
      "side": "b",
      "type": "l",
      "misc": ""
    },
    {
      "price": 115226.7,
      "volume": 0.01122556,
      "timestamp": "2025-08-04 23:34:25.120807886",
      "side": "b",
      "type": "l",
      "misc": ""
    },
    {
      "price": 115226.7,
      "volume": 0.00025906,
      "timestamp": "2025-08-04 23:34:25.870457649",
      "side": "b",
      "type": "l",
      "misc": ""
    },
    {
      "price": 115226.7,
      "volume": 0.00814725,
      "timestamp": "2025-08-04 23:34:32.762553930",
      "side": "b",
      "type": "l",
      "misc": ""
    },
    {
      "price": 115226.7,
      "volume": 0.00038459,
      "timestamp": "2025-08-04 23:34:33.317541838",
      "side": "b",
      "type": "l",
      "misc": ""
    },
    {
      "price": 115226.7,
      "volume": 0.00106879,
      "timestamp": "2025-08-04 23:34:38.042944193",
      "side": "b",
      "type": "l",
      "misc": ""
    },
    {
      "price": 115226.6,
      "volume": 0.00037378,
      "timestamp": "2025-08-04 23:34:41.619536400",
      "side": "s",
      "type": "l",
      "misc": ""
    },
    {
      "price": 115226.7,
      "volume": 0.01393224,
      "timestamp": "2025-08-04 23:34:42.145066977",
      "side": "b",
      "type": "l",
      "misc": ""
    },
    {
      "price": 115226.7,
      "volume": 0.00040531,
      "timestamp": "2025-08-04 23:34:42.655844688",
      "side": "b",
      "type": "l",
      "misc": ""
    },
    {
      "price": 115226.8,
      "volume": 8.55e-06,
      "timestamp": "2025-08-04 23:34:46.990585089",
      "side": "b",
      "type": "l",
      "misc": ""
    },
    {
      "price": 115226.8,
      "volume": 0.00488431,
      "timestamp": "2025-08-04 23:34:52.195268869",
      "side": "b",
      "type": "l",
      "misc": ""
    },
    {
      "price": 115226.8,
      "volume": 0.0016297,
      "timestamp": "2025-08-04 23:35:09.942255974",
      "side": "b",
      "type": "l",
      "misc": ""
    },
    {
      "price": 115226.8,
      "volume": 0.00733295,
      "timestamp": "2025-08-04 23:35:09.942255974",
      "side": "b",
      "type": "l",
      "misc": ""
    },
    {
      "price": 115228.9,
      "volume": 0.0001182,
      "timestamp": "2025-08-04 23:35:09.942255974",
      "side": "b",
      "type": "l",
      "misc": ""
    },
    {
      "price": 115234.6,
      "volume": 0.01053994,
      "timestamp": "2025-08-04 23:35:09.942255974",
      "side": "b",
      "type": "l",
      "misc": ""
    },
    {
      "price": 115237.6,
      "volume": 8.55e-06,
      "timestamp": "2025-08-04 23:35:16.452604055",
      "side": "b",
      "type": "l",
      "misc": ""
    },
    {
      "price": 115237.6,
      "volume": 4.569e-05,
      "timestamp": "2025-08-04 23:35:20.642987013",
      "side": "b",
      "type": "m",
      "misc": ""
    },
    {
      "price": 115243.6,
      "volume": 0.01242003,
      "timestamp": "2025-08-04 23:35:20.642987013",
      "side": "b",
      "type": "m",
      "misc": ""
    },
    {
      "price": 115249.9,
      "volume": 0.0085625,
      "timestamp": "2025-08-04 23:35:20.642987013",
      "side": "b",
      "type": "m",
      "misc": ""
    },
    {
      "price": 115250.0,
      "volume": 5.423e-05,
      "timestamp": "2025-08-04 23:35:20.642987013",
      "side": "b",
      "type": "m",
      "misc": ""
    },
    {
      "price": 115262.5,
      "volume": 5.422e-05,
      "timestamp": "2025-08-04 23:35:20.642987013",
      "side": "b",
      "type": "m",
      "misc": ""
    },
    {
      "price": 115271.1,
      "volume": 0.00613165,
      "timestamp": "2025-08-04 23:35:20.642987013",
      "side": "b",
      "type": "m",
      "misc": ""
    },
    {
      "price": 115271.0,
      "volume": 0.00675789,
      "timestamp": "2025-08-04 23:35:25.232317924",
      "side": "s",
      "type": "l",
      "misc": ""
    },
    {
      "price": 115271.0,
      "volume": 0.0089751,
      "timestamp": "2025-08-04 23:35:25.300935984",
      "side": "s",
      "type": "l",
      "misc": ""
    },
    {
      "price": 115271.0,
      "volume": 0.00565783,
      "timestamp": "2025-08-04 23:35:25.383869171",
      "side": "s",
      "type": "l",
      "misc": ""
    },
    {
      "price": 115271.1,
      "volume": 1.266e-05,
      "timestamp": "2025-08-04 23:35:45.207351446",
      "side": "b",
      "type": "l",
      "misc": ""
    },
    {
      "price": 115271.0,
      "volume": 0.00010444,
      "timestamp": "2025-08-04 23:35:49.617604256",
      "side": "s",
      "type": "l",
      "misc": ""
    },
    {
      "price": 115271.1,
      "volume": 1.371e-05,
      "timestamp": "2025-08-04 23:35:58.662213564",
      "side": "b",
      "type": "l",
      "misc": ""
    },
    {
      "price": 115271.1,
      "volume": 0.00016886,
      "timestamp": "2025-08-04 23:36:19.195321083",
      "side": "b",
      "type": "l",
      "misc": ""
    },
    {
      "price": 115271.0,
      "volume": 0.00042872,
      "timestamp": "2025-08-04 23:36:19.317436695",
      "side": "s",
      "type": "l",
      "misc": ""
    },
    {
      "price": 115271.1,
      "volume": 0.0020344,
      "timestamp": "2025-08-04 23:36:22.473105907",
      "side": "b",
      "type": "l",
      "misc": ""
    },
    {
      "price": 115271.1,
      "volume": 0.00069056,
      "timestamp": "2025-08-04 23:36:29.043443441",
      "side": "b",
      "type": "l",
      "misc": ""
    },
    {
      "price": 115271.1,
      "volume": 0.00044586,
      "timestamp": "2025-08-04 23:36:47.508665562",
      "side": "b",
      "type": "l",
      "misc": ""
    },
    {
      "price": 115271.0,
      "volume": 0.00613273,
      "timestamp": "2025-08-04 23:36:49.951079607",
      "side": "s",
      "type": "l",
      "misc": ""
    },
    {
      "price": 115271.0,
      "volume": 0.0001735,
      "timestamp": "2025-08-04 23:36:49.951079607",
      "side": "s",
      "type": "l",
      "misc": ""
    },
    {
      "price": 115271.0,
      "volume": 0.00794198,
      "timestamp": "2025-08-04 23:36:49.951079607",
      "side": "s",
      "type": "l",
      "misc": ""
    },
    {
      "price": 115271.1,
      "volume": 0.00040174,
      "timestamp": "2025-08-04 23:37:01.312437534",
      "side": "b",
      "type": "l",
      "misc": ""
    },
    {
      "price": 115271.0,
      "volume": 2.329e-05,
      "timestamp": "2025-08-04 23:37:11.266994952",
      "side": "s",
      "type": "l",
      "misc": ""
    },
    {
      "price": 115271.0,
      "volume": 2.543e-05,
      "timestamp": "2025-08-04 23:37:16.111221313",
      "side": "s",
      "type": "l",
      "misc": ""
    },
    {
      "price": 115271.1,
      "volume": 8.55e-06,
      "timestamp": "2025-08-04 23:37:29.414232016",
      "side": "b",
      "type": "l",
      "misc": ""
    },
    {
      "price": 115271.1,
      "volume": 0.00209957,
      "timestamp": "2025-08-04 23:37:36.991690636",
      "side": "b",
      "type": "l",
      "misc": ""
    },
    {
      "price": 115271.1,
      "volume": 0.0008547,
      "timestamp": "2025-08-04 23:37:39.817955732",
      "side": "b",
      "type": "l",
      "misc": ""
    },
    {
      "price": 115271.1,
      "volume": 0.00081251,
      "timestamp": "2025-08-04 23:37:41.295699596",
      "side": "b",
      "type": "l",
      "misc": ""
    },
    {
      "price": 115271.1,
      "volume": 0.0002095,
      "timestamp": "2025-08-04 23:37:42.552944660",
      "side": "b",
      "type": "l",
      "misc": ""
    },
    {
      "price": 115271.1,
      "volume": 0.00017032,
      "timestamp": "2025-08-04 23:37:47.943530798",
      "side": "b",
      "type": "m",
      "misc": ""
    },
    {
      "price": 115271.1,
      "volume": 0.00061114,
      "timestamp": "2025-08-04 23:37:47.943530798",
      "side": "b",
      "type": "m",
      "misc": ""
    },
    {
      "price": 115271.1,
      "volume": 0.000347,
      "timestamp": "2025-08-04 23:37:59.129027127",
      "side": "b",
      "type": "l",
      "misc": ""
    },
    {
      "price": 115271.1,
      "volume": 0.00358575,
      "timestamp": "2025-08-04 23:37:59.749407053",
      "side": "b",
      "type": "m",
      "misc": ""
    },
    {
      "price": 115271.1,
      "volume": 0.03043217,
      "timestamp": "2025-08-04 23:38:02.675457716",
      "side": "b",
      "type": "m",
      "misc": ""
    },
    {
      "price": 115271.1,
      "volume": 8.009e-05,
      "timestamp": "2025-08-04 23:38:03.820800781",
      "side": "b",
      "type": "l",
      "misc": ""
    },
    {
      "price": 115271.0,
      "volume": 0.0005474,
      "timestamp": "2025-08-04 23:38:06.462177753",
      "side": "s",
      "type": "l",
      "misc": ""
    },
    {
      "price": 115266.0,
      "volume": 0.0002,
      "timestamp": "2025-08-04 23:38:06.462177753",
      "side": "s",
      "type": "l",
      "misc": ""
    },
    {
      "price": 115266.0,
      "volume": 0.0002,
      "timestamp": "2025-08-04 23:38:06.462177753",
      "side": "s",
      "type": "l",
      "misc": ""
    },
    {
      "price": 115249.9,
      "volume": 5.422e-05,
      "timestamp": "2025-08-04 23:38:06.462177753",
      "side": "s",
      "type": "l",
      "misc": ""
    },
    {
      "price": 115244.9,
      "volume": 0.02522494,
      "timestamp": "2025-08-04 23:38:06.462177753",
      "side": "s",
      "type": "l",
      "misc": ""
    },
    {
      "price": 115245.0,
      "volume": 0.00016927,
      "timestamp": "2025-08-04 23:38:08.049348831",
      "side": "b",
      "type": "l",
      "misc": ""
    },
    {
      "price": 115245.0,
      "volume": 0.02539083,
      "timestamp": "2025-08-04 23:38:13.579399586",
      "side": "b",
      "type": "l",
      "misc": ""
    },
    {
      "price": 115245.0,
      "volume": 0.22327733,
      "timestamp": "2025-08-04 23:38:30.087467670",
      "side": "b",
      "type": "m",
      "misc": ""
    },
    {
      "price": 115245.0,
      "volume": 0.00169311,
      "timestamp": "2025-08-04 23:39:01.378999233",
      "side": "b",
      "type": "l",
      "misc": ""
    },
    {
      "price": 115244.9,
      "volume": 0.01231504,
      "timestamp": "2025-08-04 23:39:02.417448044",
      "side": "s",
      "type": "m",
      "misc": ""
    },
    {
      "price": 115245.0,
      "volume": 0.00083882,
      "timestamp": "2025-08-04 23:39:05.236828089",
      "side": "b",
      "type": "l",
      "misc": ""
    },
    {
      "price": 115245.0,
      "volume": 0.00814595,
      "timestamp": "2025-08-04 23:39:29.332360268",
      "side": "b",
      "type": "l",
      "misc": ""
    },
    {
      "price": 115245.0,
      "volume": 0.00081269,
      "timestamp": "2025-08-04 23:39:33.988095284",
      "side": "b",
      "type": "l",
      "misc": ""
    },
    {
      "price": 115244.9,
      "volume": 9.154e-05,
      "timestamp": "2025-08-04 23:39:48.850327015",
      "side": "s",
      "type": "l",
      "misc": ""
    },
    {
      "price": 115245.0,
      "volume": 4.526e-05,
      "timestamp": "2025-08-04 23:39:52.549288750",
      "side": "b",
      "type": "l",
      "misc": ""
    },
    {
      "price": 115245.0,
      "volume": 0.00846553,
      "timestamp": "2025-08-04 23:40:02.218981743",
      "side": "b",
      "type": "l",
      "misc": ""
    },
    {
      "price": 115244.9,
      "volume": 5.423e-05,
      "timestamp": "2025-08-04 23:40:03.281019211",
      "side": "s",
      "type": "l",
      "misc": ""
    },
    {
      "price": 115245.0,
      "volume": 0.00012385,
      "timestamp": "2025-08-04 23:40:08.905550241",
      "side": "b",
      "type": "m",
      "misc": ""
    },
    {
      "price": 115245.0,
      "volume": 0.00047724,
      "timestamp": "2025-08-04 23:40:25.459931374",
      "side": "b",
      "type": "m",
      "misc": ""
    },
    {
      "price": 115245.0,
      "volume": 0.000321,
      "timestamp": "2025-08-04 23:40:44.106818914",
      "side": "b",
      "type": "m",
      "misc": ""
    },
    {
      "price": 115245.0,
      "volume": 0.00084655,
      "timestamp": "2025-08-04 23:40:44.736244678",
      "side": "b",
      "type": "l",
      "misc": ""
    },
    {
      "price": 115245.0,
      "volume": 8.549e-05,
      "timestamp": "2025-08-04 23:41:18.802849054",
      "side": "b",
      "type": "l",
      "misc": ""
    },
    {
      "price": 115244.9,
      "volume": 1.172e-05,
      "timestamp": "2025-08-04 23:41:25.493768454",
      "side": "s",
      "type": "l",
      "misc": ""
    },
    {
      "price": 115244.9,
      "volume": 0.00058137,
      "timestamp": "2025-08-04 23:41:25.493768454",
      "side": "s",
      "type": "l",
      "misc": ""
    },
    {
      "price": 115244.9,
      "volume": 0.00520707,
      "timestamp": "2025-08-04 23:41:25.493768454",
      "side": "s",
      "type": "l",
      "misc": ""
    },
    {
      "price": 115244.9,
      "volume": 0.04216292,
      "timestamp": "2025-08-04 23:41:25.493768454",
      "side": "s",
      "type": "l",
      "misc": ""
    },
    {
      "price": 115244.9,
      "volume": 0.000382,
      "timestamp": "2025-08-04 23:41:30.675886154",
      "side": "s",
      "type": "l",
      "misc": ""
    },
    {
      "price": 115245.0,
      "volume": 0.00012122,
      "timestamp": "2025-08-04 23:41:37.283680439",
      "side": "b",
      "type": "l",
      "misc": ""
    },
    {
      "price": 115245.0,
      "volume": 0.00085279,
      "timestamp": "2025-08-04 23:41:44.204957485",
      "side": "b",
      "type": "l",
      "misc": ""
    },
    {
      "price": 115244.9,
      "volume": 0.01322271,
      "timestamp": "2025-08-04 23:41:45.068872452",
      "side": "s",
      "type": "m",
      "misc": ""
    },
    {
      "price": 115239.9,
      "volume": 0.0002,
      "timestamp": "2025-08-04 23:41:45.068872452",
      "side": "s",
      "type": "m",
      "misc": ""
    },
    {
      "price": 115239.9,
      "volume": 0.0002,
      "timestamp": "2025-08-04 23:41:45.068872452",
      "side": "s",
      "type": "m",
      "misc": ""
    },
    {
      "price": 115239.9,
      "volume": 0.0002,
      "timestamp": "2025-08-04 23:41:45.068872452",
      "side": "s",
      "type": "m",
      "misc": ""
    },
    {
      "price": 115237.5,
      "volume": 5.423e-05,
      "timestamp": "2025-08-04 23:41:45.068872452",
      "side": "s",
      "type": "m",
      "misc": ""
    },
    {
      "price": 115229.8,
      "volume": 0.05512306,
      "timestamp": "2025-08-04 23:41:45.068872452",
      "side": "s",
      "type": "m",
      "misc": ""
    },
    {
      "price": 115229.8,
      "volume": 6.204e-05,
      "timestamp": "2025-08-04 23:41:58.149468899",
      "side": "b",
      "type": "l",
      "misc": ""
    },
    {
      "price": 115229.8,
      "volume": 1.702e-05,
      "timestamp": "2025-08-04 23:41:59.539483786",
      "side": "b",
      "type": "l",
      "misc": ""
    },
    {
      "price": 115229.7,
      "volume": 0.00229318,
      "timestamp": "2025-08-04 23:42:00.349602222",
      "side": "s",
      "type": "l",
      "misc": ""
    },
    {
      "price": 115229.8,
      "volume": 0.0004275,
      "timestamp": "2025-08-04 23:42:11.933048725",
      "side": "b",
      "type": "l",
      "misc": ""
    },
    {
      "price": 115229.7,
      "volume": 0.00045,
      "timestamp": "2025-08-04 23:42:36.107504606",
      "side": "s",
      "type": "m",
      "misc": ""
    },
    {
      "price": 115229.8,
      "volume": 8.55e-06,
      "timestamp": "2025-08-04 23:42:37.041185141",
      "side": "b",
      "type": "l",
      "misc": ""
    },
    {
      "price": 115229.7,
      "volume": 0.03887946,
      "timestamp": "2025-08-04 23:42:41.017789841",
      "side": "s",
      "type": "m",
      "misc": ""
    },
    {
      "price": 115229.8,
      "volume": 0.00086351,
      "timestamp": "2025-08-04 23:42:53.805394411",
      "side": "b",
      "type": "l",
      "misc": ""
    },
    {
      "price": 115229.8,
      "volume": 0.00429148,
      "timestamp": "2025-08-04 23:42:56.234616518",
      "side": "b",
      "type": "l",
      "misc": ""
    },
    {
      "price": 115229.8,
      "volume": 0.01016065,
      "timestamp": "2025-08-04 23:42:56.234616518",
      "side": "b",
      "type": "l",
      "misc": ""
    },
    {
      "price": 115229.8,
      "volume": 0.00248116,
      "timestamp": "2025-08-04 23:42:56.234616518",
      "side": "b",
      "type": "l",
      "misc": ""
    },
    {
      "price": 115229.7,
      "volume": 0.00050585,
      "timestamp": "2025-08-04 23:43:03.720054388",
      "side": "s",
      "type": "m",
      "misc": ""
    },
    {
      "price": 115229.9,
      "volume": 0.00061874,
      "timestamp": "2025-08-04 23:43:06.990409136",
      "side": "b",
      "type": "m",
      "misc": ""
    },
    {
      "price": 115229.9,
      "volume": 7.933e-05,
      "timestamp": "2025-08-04 23:43:08.310662031",
      "side": "b",
      "type": "l",
      "misc": ""
    },
    {
      "price": 115229.9,
      "volume": 0.00159825,
      "timestamp": "2025-08-04 23:43:13.493220806",
      "side": "b",
      "type": "m",
      "misc": ""
    },
    {
      "price": 115229.8,
      "volume": 0.00081583,
      "timestamp": "2025-08-04 23:43:37.593462944",
      "side": "s",
      "type": "l",
      "misc": ""
    },
    {
      "price": 115229.9,
      "volume": 0.00389718,
      "timestamp": "2025-08-04 23:43:38.606018066",
      "side": "b",
      "type": "l",
      "misc": ""
    },
    {
      "price": 115229.9,
      "volume": 0.00084666,
      "timestamp": "2025-08-04 23:43:43.478698969",
      "side": "b",
      "type": "l",
      "misc": ""
    },
    {
      "price": 115229.9,
      "volume": 0.0005979,
      "timestamp": "2025-08-04 23:44:07.920214176",
      "side": "b",
      "type": "m",
      "misc": ""
    },
    {
      "price": 115229.9,
      "volume": 0.00689538,
      "timestamp": "2025-08-04 23:44:07.920214176",
      "side": "b",
      "type": "m",
      "misc": ""
    },
    {
      "price": 115229.9,
      "volume": 0.00026757,
      "timestamp": "2025-08-04 23:44:23.724663258",
      "side": "b",
      "type": "m",
      "misc": ""
    },
    {
      "price": 115229.9,
      "volume": 0.00284017,
      "timestamp": "2025-08-04 23:44:29.890467882",
      "side": "b",
      "type": "l",
      "misc": ""
    },
    {
      "price": 115229.8,
      "volume": 7.81e-05,
      "timestamp": "2025-08-04 23:44:36.906557083",
      "side": "s",
      "type": "m",
      "misc": ""
    },
    {
      "price": 115229.8,
      "volume": 0.11775365,
      "timestamp": "2025-08-04 23:44:50.992268324",
      "side": "s",
      "type": "m",
      "misc": ""
    },
    {
      "price": 115229.7,
      "volume": 0.52082414,
      "timestamp": "2025-08-04 23:44:50.992268324",
      "side": "s",
      "type": "m",
      "misc": ""
    },
    {
      "price": 115229.8,
      "volume": 0.00029312,
      "timestamp": "2025-08-04 23:44:58.764856815",
      "side": "b",
      "type": "l",
      "misc": ""
    },
    {
      "price": 115229.8,
      "volume": 0.00016085,
      "timestamp": "2025-08-04 23:45:00.152287483",
      "side": "b",
      "type": "l",
      "misc": ""
    },
    {
      "price": 115229.8,
      "volume": 0.00020358,
      "timestamp": "2025-08-04 23:45:05.835728884",
      "side": "b",
      "type": "l",
      "misc": ""
    },
    {
      "price": 115229.8,
      "volume": 0.00149708,
      "timestamp": "2025-08-04 23:45:09.236305952",
      "side": "b",
      "type": "l",
      "misc": ""
    },
    {
      "price": 115229.8,
      "volume": 0.00116703,
      "timestamp": "2025-08-04 23:45:09.490603685",
      "side": "b",
      "type": "m",
      "misc": ""
    },
    {
      "price": 115229.8,
      "volume": 0.00021167,
      "timestamp": "2025-08-04 23:45:13.908169746",
      "side": "b",
      "type": "l",
      "misc": ""
    },
    {
      "price": 115229.8,
      "volume": 0.00699584,
      "timestamp": "2025-08-04 23:45:27.065487145",
      "side": "b",
      "type": "l",
      "misc": ""
    },
    {
      "price": 115229.8,
      "volume": 0.00374147,
      "timestamp": "2025-08-04 23:45:27.065487384",
      "side": "b",
      "type": "l",
      "misc": ""
    },
    {
      "price": 115229.8,
      "volume": 0.00050498,
      "timestamp": "2025-08-04 23:45:38.378348112",
      "side": "b",
      "type": "l",
      "misc": ""
    },
    {
      "price": 115229.8,
      "volume": 0.00164375,
      "timestamp": "2025-08-04 23:45:49.063303947",
      "side": "b",
      "type": "l",
      "misc": ""
    },
    {
      "price": 115229.8,
      "volume": 0.00015647,
      "timestamp": "2025-08-04 23:45:50.541574240",
      "side": "b",
      "type": "m",
      "misc": ""
    },
    {
      "price": 115229.8,
      "volume": 0.00133413,
      "timestamp": "2025-08-04 23:45:52.906474113",
      "side": "b",
      "type": "l",
      "misc": ""
    },
    {
      "price": 115229.8,
      "volume": 8.55e-05,
      "timestamp": "2025-08-04 23:45:57.039725780",
      "side": "b",
      "type": "l",
      "misc": ""
    },
    {
      "price": 115229.8,
      "volume": 0.00084666,
      "timestamp": "2025-08-04 23:45:59.130807161",
      "side": "b",
      "type": "l",
      "misc": ""
    },
    {
      "price": 115229.7,
      "volume": 0.00026457,
      "timestamp": "2025-08-04 23:46:15.807100296",
      "side": "s",
      "type": "l",
      "misc": ""
    },
    {
      "price": 115229.7,
      "volume": 0.00017763,
      "timestamp": "2025-08-04 23:46:21.124052525",
      "side": "s",
      "type": "l",
      "misc": ""
    },
    {
      "price": 115229.8,
      "volume": 2.387e-05,
      "timestamp": "2025-08-04 23:46:33.951078176",
      "side": "b",
      "type": "l",
      "misc": ""
    },
    {
      "price": 115229.8,
      "volume": 0.0001,
      "timestamp": "2025-08-04 23:46:38.743257523",
      "side": "b",
      "type": "l",
      "misc": ""
    },
    {
      "price": 115229.8,
      "volume": 0.00169333,
      "timestamp": "2025-08-04 23:46:42.987743616",
      "side": "b",
      "type": "l",
      "misc": ""
    },
    {
      "price": 115229.8,
      "volume": 0.000508,
      "timestamp": "2025-08-04 23:46:49.876733065",
      "side": "b",
      "type": "l",
      "misc": ""
    },
    {
      "price": 115229.8,
      "volume": 8.55e-06,
      "timestamp": "2025-08-04 23:46:52.055037975",
      "side": "b",
      "type": "l",
      "misc": ""
    },
    {
      "price": 115229.7,
      "volume": 8.202e-05,
      "timestamp": "2025-08-04 23:47:03.409551859",
      "side": "s",
      "type": "l",
      "misc": ""
    },
    {
      "price": 115229.8,
      "volume": 0.00537222,
      "timestamp": "2025-08-04 23:47:06.248387337",
      "side": "b",
      "type": "l",
      "misc": ""
    },
    {
      "price": 115229.8,
      "volume": 0.00089291,
      "timestamp": "2025-08-04 23:47:16.683926582",
      "side": "b",
      "type": "l",
      "misc": ""
    },
    {
      "price": 115229.8,
      "volume": 0.00170581,
      "timestamp": "2025-08-04 23:47:16.816528320",
      "side": "b",
      "type": "l",
      "misc": ""
    },
    {
      "price": 115229.8,
      "volume": 0.00085501,
      "timestamp": "2025-08-04 23:47:19.043112278",
      "side": "b",
      "type": "l",
      "misc": ""
    },
    {
      "price": 115229.8,
      "volume": 0.0027713,
      "timestamp": "2025-08-04 23:47:20.945817709",
      "side": "b",
      "type": "l",
      "misc": ""
    },
    {
      "price": 115229.7,
      "volume": 0.00018446,
      "timestamp": "2025-08-04 23:47:22.289885759",
      "side": "s",
      "type": "l",
      "misc": ""
    },
    {
      "price": 115229.7,
      "volume": 0.00019783,
      "timestamp": "2025-08-04 23:47:32.866588116",
      "side": "s",
      "type": "l",
      "misc": ""
    },
    {
      "price": 115229.8,
      "volume": 0.00014074,
      "timestamp": "2025-08-04 23:47:44.001820803",
      "side": "b",
      "type": "l",
      "misc": ""
    },
    {
      "price": 115229.8,
      "volume": 0.0005985,
      "timestamp": "2025-08-04 23:47:49.315733433",
      "side": "b",
      "type": "l",
      "misc": ""
    },
    {
      "price": 115229.8,
      "volume": 0.00434871,
      "timestamp": "2025-08-04 23:47:52.583573103",
      "side": "b",
      "type": "l",
      "misc": ""
    },
    {
      "price": 115229.8,
      "volume": 9.67e-06,
      "timestamp": "2025-08-04 23:47:57.755998135",
      "side": "b",
      "type": "l",
      "misc": ""
    },
    {
      "price": 115229.8,
      "volume": 0.01238111,
      "timestamp": "2025-08-04 23:48:12.978665113",
      "side": "b",
      "type": "m",
      "misc": ""
    },
    {
      "price": 115229.8,
      "volume": 0.00253999,
      "timestamp": "2025-08-04 23:48:23.051120996",
      "side": "b",
      "type": "l",
      "misc": ""
    },
    {
      "price": 115229.8,
      "volume": 0.0001727,
      "timestamp": "2025-08-04 23:48:29.448420286",
      "side": "b",
      "type": "l",
      "misc": ""
    },
    {
      "price": 115229.8,
      "volume": 0.0002,
      "timestamp": "2025-08-04 23:48:32.482656002",
      "side": "b",
      "type": "l",
      "misc": ""
    },
    {
      "price": 115229.8,
      "volume": 0.00016764,
      "timestamp": "2025-08-04 23:48:43.594088554",
      "side": "b",
      "type": "l",
      "misc": ""
    },
    {
      "price": 115229.8,
      "volume": 0.00081879,
      "timestamp": "2025-08-04 23:48:45.128815174",
      "side": "b",
      "type": "l",
      "misc": ""
    },
    {
      "price": 115229.8,
      "volume": 7.933e-05,
      "timestamp": "2025-08-04 23:48:53.634614229",
      "side": "b",
      "type": "l",
      "misc": ""
    },
    {
      "price": 115229.8,
      "volume": 0.00519141,
      "timestamp": "2025-08-04 23:49:02.100563049",
      "side": "b",
      "type": "l",
      "misc": ""
    },
    {
      "price": 115229.8,
      "volume": 0.00030223,
      "timestamp": "2025-08-04 23:49:05.239609241",
      "side": "b",
      "type": "l",
      "misc": ""
    },
    {
      "price": 115229.8,
      "volume": 0.00011616,
      "timestamp": "2025-08-04 23:49:11.905019045",
      "side": "b",
      "type": "l",
      "misc": ""
    },
    {
      "price": 115229.7,
      "volume": 0.01645012,
      "timestamp": "2025-08-04 23:49:14.524704695",
      "side": "s",
      "type": "l",
      "misc": ""
    },
    {
      "price": 115229.7,
      "volume": 0.00570151,
      "timestamp": "2025-08-04 23:49:14.524704695",
      "side": "s",
      "type": "l",
      "misc": ""
    },
    {
      "price": 115226.6,
      "volume": 0.00033846,
      "timestamp": "2025-08-04 23:49:14.524704695",
      "side": "s",
      "type": "l",
      "misc": ""
    },
    {
      "price": 115225.0,
      "volume": 5.424e-05,
      "timestamp": "2025-08-04 23:49:14.524704695",
      "side": "s",
      "type": "l",
      "misc": ""
    },
    {
      "price": 115224.8,
      "volume": 0.0002,
      "timestamp": "2025-08-04 23:49:14.524704695",
      "side": "s",
      "type": "l",
      "misc": ""
    },
    {
      "price": 115224.7,
      "volume": 0.0002,
      "timestamp": "2025-08-04 23:49:14.524704695",
      "side": "s",
      "type": "l",
      "misc": ""
    },
    {
      "price": 115224.7,
      "volume": 0.0002,
      "timestamp": "2025-08-04 23:49:14.524704695",
      "side": "s",
      "type": "l",
      "misc": ""
    },
    {
      "price": 115224.7,
      "volume": 0.0002,
      "timestamp": "2025-08-04 23:49:14.524704695",
      "side": "s",
      "type": "l",
      "misc": ""
    },
    {
      "price": 115224.7,
      "volume": 0.0002,
      "timestamp": "2025-08-04 23:49:14.524704695",
      "side": "s",
      "type": "l",
      "misc": ""
    },
    {
      "price": 115221.7,
      "volume": 0.0002,
      "timestamp": "2025-08-04 23:49:14.524704695",
      "side": "s",
      "type": "l",
      "misc": ""
    },
    {
      "price": 115220.6,
      "volume": 0.00694,
      "timestamp": "2025-08-04 23:49:14.524704695",
      "side": "s",
      "type": "l",
      "misc": ""
    },
    {
      "price": 115218.6,
      "volume": 0.0002,
      "timestamp": "2025-08-04 23:49:14.524704695",
      "side": "s",
      "type": "l",
      "misc": ""
    },
    {
      "price": 115215.0,
      "volume": 0.00086794,
      "timestamp": "2025-08-04 23:49:14.524704695",
      "side": "s",
      "type": "l",
      "misc": ""
    },
    {
      "price": 115212.5,
      "volume": 5.424e-05,
      "timestamp": "2025-08-04 23:49:14.536629915",
      "side": "s",
      "type": "l",
      "misc": ""
    },
    {
      "price": 115206.7,
      "volume": 0.01,
      "timestamp": "2025-08-04 23:49:14.536629915",
      "side": "s",
      "type": "l",
      "misc": ""
    },
    {
      "price": 115200.0,
      "volume": 5e-05,
      "timestamp": "2025-08-04 23:49:14.536629915",
      "side": "s",
      "type": "l",
      "misc": ""
    },
    {
      "price": 115200.0,
      "volume": 5.425e-05,
      "timestamp": "2025-08-04 23:49:14.536629915",
      "side": "s",
      "type": "l",
      "misc": ""
    },
    {
      "price": 115199.0,
      "volume": 0.21563,
      "timestamp": "2025-08-04 23:49:14.536629915",
      "side": "s",
      "type": "l",
      "misc": ""
    },
    {
      "price": 115193.2,
      "volume": 8.681e-05,
      "timestamp": "2025-08-04 23:49:14.577616692",
      "side": "s",
      "type": "l",
      "misc": ""
    },
    {
      "price": 115187.5,
      "volume": 5.425e-05,
      "timestamp": "2025-08-04 23:49:14.577616692",
      "side": "s",
      "type": "l",
      "misc": ""
    },
    {
      "price": 115182.0,
      "volume": 0.013023,
      "timestamp": "2025-08-04 23:49:14.577616692",
      "side": "s",
      "type": "l",
      "misc": ""
    },
    {
      "price": 115175.0,
      "volume": 5.426e-05,
      "timestamp": "2025-08-04 23:49:14.577616692",
      "side": "s",
      "type": "l",
      "misc": ""
    },
    {
      "price": 115172.0,
      "volume": 0.11789088,
      "timestamp": "2025-08-04 23:49:14.577616692",
      "side": "s",
      "type": "l",
      "misc": ""
    },
    {
      "price": 115171.4,
      "volume": 0.03502564,
      "timestamp": "2025-08-04 23:49:14.577616692",
      "side": "s",
      "type": "l",
      "misc": ""
    },
    {
      "price": 115171.4,
      "volume": 0.01788985,
      "timestamp": "2025-08-04 23:49:14.577616692",
      "side": "s",
      "type": "l",
      "misc": ""
    },
    {
      "price": 115171.4,
      "volume": 0.00868271,
      "timestamp": "2025-08-04 23:49:14.577616692",
      "side": "s",
      "type": "l",
      "misc": ""
    },
    {
      "price": 115171.4,
      "volume": 0.00043413,
      "timestamp": "2025-08-04 23:49:14.577616692",
      "side": "s",
      "type": "l",
      "misc": ""
    },
    {
      "price": 115166.4,
      "volume": 0.0002,
      "timestamp": "2025-08-04 23:49:14.577616692",
      "side": "s",
      "type": "l",
      "misc": ""
    },
    {
      "price": 115166.4,
      "volume": 0.0002,
      "timestamp": "2025-08-04 23:49:14.577616692",
      "side": "s",
      "type": "l",
      "misc": ""
    },
    {
      "price": 115166.4,
      "volume": 0.0002,
      "timestamp": "2025-08-04 23:49:14.577616692",
      "side": "s",
      "type": "l",
      "misc": ""
    },
    {
      "price": 115166.4,
      "volume": 0.0002,
      "timestamp": "2025-08-04 23:49:14.577616692",
      "side": "s",
      "type": "l",
      "misc": ""
    },
    {
      "price": 115166.4,
      "volume": 0.0002,
      "timestamp": "2025-08-04 23:49:14.577616692",
      "side": "s",
      "type": "l",
      "misc": ""
    },
    {
      "price": 115166.4,
      "volume": 0.0002,
      "timestamp": "2025-08-04 23:49:14.577616692",
      "side": "s",
      "type": "l",
      "misc": ""
    },
    {
      "price": 115166.4,
      "volume": 0.0002,
      "timestamp": "2025-08-04 23:49:14.577616930",
      "side": "s",
      "type": "l",
      "misc": ""
    },
    {
      "price": 115166.4,
      "volume": 0.0002,
      "timestamp": "2025-08-04 23:49:14.577616930",
      "side": "s",
      "type": "l",
      "misc": ""
    },
    {
      "price": 115166.4,
      "volume": 0.0002,
      "timestamp": "2025-08-04 23:49:14.577616930",
      "side": "s",
      "type": "l",
      "misc": ""
    },
    {
      "price": 115166.0,
      "volume": 0.21569,
      "timestamp": "2025-08-04 23:49:14.577616930",
      "side": "s",
      "type": "l",
      "misc": ""
    },
    {
      "price": 115159.6,
      "volume": 0.0002,
      "timestamp": "2025-08-04 23:49:14.578386068",
      "side": "s",
      "type": "m",
      "misc": ""
    },
    {
      "price": 115158.1,
      "volume": 0.0158,
      "timestamp": "2025-08-04 23:49:14.578386068",
      "side": "s",
      "type": "m",
      "misc": ""
    },
    {
      "price": 115155.5,
      "volume": 0.0223,
      "timestamp": "2025-08-04 23:49:14.578386068",
      "side": "s",
      "type": "m",
      "misc": ""
    },
    {
      "price": 115154.5,
      "volume": 0.00022057,
      "timestamp": "2025-08-04 23:49:14.578386068",
      "side": "s",
      "type": "m",
      "misc": ""
    },
    {
      "price": 115172.1,
      "volume": 0.11789078,
      "timestamp": "2025-08-04 23:49:14.684041500",
      "side": "s",
      "type": "l",
      "misc": ""
    },
    {
      "price": 115151.9,
      "volume": 0.0002,
      "timestamp": "2025-08-04 23:49:15.093359947",
      "side": "s",
      "type": "l",
      "misc": ""
    },
    {
      "price": 115151.5,
      "volume": 0.00868,
      "timestamp": "2025-08-04 23:49:15.093359947",
      "side": "s",
      "type": "l",
      "misc": ""
    },
    {
      "price": 115136.2,
      "volume": 5.5e-05,
      "timestamp": "2025-08-04 23:49:15.093359947",
      "side": "s",
      "type": "l",
      "misc": ""
    },
    {
      "price": 115103.7,
      "volume": 0.00785422,
      "timestamp": "2025-08-04 23:49:15.093359947",
      "side": "s",
      "type": "l",
      "misc": ""
    },
    {
      "price": 115102.0,
      "volume": 0.0124601,
      "timestamp": "2025-08-04 23:49:15.093359947",
      "side": "s",
      "type": "l",
      "misc": ""
    },
    {
      "price": 115101.1,
      "volume": 0.01075067,
      "timestamp": "2025-08-04 23:49:15.093359947",
      "side": "s",
      "type": "l",
      "misc": ""
    },
    {
      "price": 115101.2,
      "volume": 0.00342385,
      "timestamp": "2025-08-04 23:49:16.261736155",
      "side": "b",
      "type": "l",
      "misc": ""
    },
    {
      "price": 115101.2,
      "volume": 0.00427981,
      "timestamp": "2025-08-04 23:49:16.262850761",
      "side": "b",
      "type": "l",
      "misc": ""
    },
    {
      "price": 115101.2,
      "volume": 0.00012957,
      "timestamp": "2025-08-04 23:49:25.423598289",
      "side": "b",
      "type": "l",
      "misc": ""
    },
    {
      "price": 115101.2,
      "volume": 0.0004053,
      "timestamp": "2025-08-04 23:49:38.698859215",
      "side": "b",
      "type": "l",
      "misc": ""
    },
    {
      "price": 115109.9,
      "volume": 0.0002119,
      "timestamp": "2025-08-04 23:49:40.983395338",
      "side": "b",
      "type": "l",
      "misc": ""
    },
    {
      "price": 115127.3,
      "volume": 7.942e-05,
      "timestamp": "2025-08-04 23:49:47.058685064",
      "side": "b",
      "type": "l",
      "misc": ""
    },
    {
      "price": 115109.9,
      "volume": 0.00086874,
      "timestamp": "2025-08-04 23:49:57.653446674",
      "side": "b",
      "type": "m",
      "misc": ""
    },
    {
      "price": 115109.9,
      "volume": 0.00932301,
      "timestamp": "2025-08-04 23:49:58.476333618",
      "side": "b",
      "type": "l",
      "misc": ""
    },
    {
      "price": 115109.9,
      "volume": 0.00082166,
      "timestamp": "2025-08-04 23:50:01.836864233",
      "side": "b",
      "type": "l",
      "misc": ""
    },
    {
      "price": 115109.8,
      "volume": 5.429e-05,
      "timestamp": "2025-08-04 23:50:05.776475906",
      "side": "s",
      "type": "l",
      "misc": ""
    },
    {
      "price": 115109.8,
      "volume": 5.429e-05,
      "timestamp": "2025-08-04 23:50:05.776475906",
      "side": "s",
      "type": "l",
      "misc": ""
    },
    {
      "price": 115109.8,
      "volume": 5.429e-05,
      "timestamp": "2025-08-04 23:50:05.776475906",
      "side": "s",
      "type": "l",
      "misc": ""
    },
    {
      "price": 115109.8,
      "volume": 3.713e-05,
      "timestamp": "2025-08-04 23:50:05.776475906",
      "side": "s",
      "type": "l",
      "misc": ""
    },
    {
      "price": 115109.9,
      "volume": 0.16347038,
      "timestamp": "2025-08-04 23:50:19.630532265",
      "side": "b",
      "type": "l",
      "misc": ""
    },
    {
      "price": 115109.9,
      "volume": 0.00912962,
      "timestamp": "2025-08-04 23:50:19.630532265",
      "side": "b",
      "type": "l",
      "misc": ""
    },
    {
      "price": 115109.9,
      "volume": 0.00253366,
      "timestamp": "2025-08-04 23:50:27.854221582",
      "side": "b",
      "type": "l",
      "misc": ""
    },
    {
      "price": 115109.8,
      "volume": 1.716e-05,
      "timestamp": "2025-08-04 23:50:29.605457067",
      "side": "s",
      "type": "m",
      "misc": ""
    },
    {
      "price": 115109.8,
      "volume": 5.429e-05,
      "timestamp": "2025-08-04 23:50:29.605457067",
      "side": "s",
      "type": "m",
      "misc": ""
    },
    {
      "price": 115109.8,
      "volume": 0.00082855,
      "timestamp": "2025-08-04 23:50:29.605457067",
      "side": "s",
      "type": "m",
      "misc": ""
    },
    {
      "price": 115109.8,
      "volume": 0.00095984,
      "timestamp": "2025-08-04 23:50:42.910787344",
      "side": "s",
      "type": "l",
      "misc": ""
    },
    {
      "price": 115108.7,
      "volume": 0.0076341,
      "timestamp": "2025-08-04 23:50:53.229669094",
      "side": "s",
      "type": "m",
      "misc": ""
    },
    {
      "price": 115103.7,
      "volume": 0.0002,
      "timestamp": "2025-08-04 23:50:53.229669094",
      "side": "s",
      "type": "m",
      "misc": ""
    },
    {
      "price": 115101.1,
      "volume": 0.01531337,
      "timestamp": "2025-08-04 23:50:53.229669094",
      "side": "s",
      "type": "m",
      "misc": ""
    },
    {
      "price": 115100.0,
      "volume": 0.00868809,
      "timestamp": "2025-08-04 23:50:53.229669094",
      "side": "s",
      "type": "m",
      "misc": ""
    },
    {
      "price": 115099.9,
      "volume": 5.43e-05,
      "timestamp": "2025-08-04 23:50:53.229669094",
      "side": "s",
      "type": "m",
      "misc": ""
    },
    {
      "price": 115098.7,
      "volume": 0.0002,
      "timestamp": "2025-08-04 23:50:53.229669094",
      "side": "s",
      "type": "m",
      "misc": ""
    },
    {
      "price": 115096.1,
      "volume": 0.0002,
      "timestamp": "2025-08-04 23:50:53.229669094",
      "side": "s",
      "type": "m",
      "misc": ""
    },
    {
      "price": 115094.8,
      "volume": 0.0002,
      "timestamp": "2025-08-04 23:50:53.229669094",
      "side": "s",
      "type": "m",
      "misc": ""
    },
    {
      "price": 115087.5,
      "volume": 5.43e-05,
      "timestamp": "2025-08-04 23:50:53.229669094",
      "side": "s",
      "type": "m",
      "misc": ""
    },
    {
      "price": 115080.8,
      "volume": 8.689e-05,
      "timestamp": "2025-08-04 23:50:53.229669094",
      "side": "s",
      "type": "m",
      "misc": ""
    },
    {
      "price": 115078.7,
      "volume": 0.11798646,
      "timestamp": "2025-08-04 23:50:53.229669094",
      "side": "s",
      "type": "m",
      "misc": ""
    },
    {
      "price": 115078.6,
      "volume": 0.09938249,
      "timestamp": "2025-08-04 23:50:53.229669094",
      "side": "s",
      "type": "m",
      "misc": ""
    },
    {
      "price": 115079.0,
      "volume": 0.00338432,
      "timestamp": "2025-08-04 23:50:54.511738062",
      "side": "b",
      "type": "m",
      "misc": ""
    },
    {
      "price": 115078.9,
      "volume": 0.0021238,
      "timestamp": "2025-08-04 23:50:56.421258450",
      "side": "s",
      "type": "l",
      "misc": ""
    },
    {
      "price": 115079.0,
      "volume": 0.00065173,
      "timestamp": "2025-08-04 23:50:57.929256916",
      "side": "b",
      "type": "m",
      "misc": ""
    },
    {
      "price": 115079.0,
      "volume": 0.00866361,
      "timestamp": "2025-08-04 23:51:07.407337189",
      "side": "b",
      "type": "m",
      "misc": ""
    },
    {
      "price": 115078.9,
      "volume": 0.00013739,
      "timestamp": "2025-08-04 23:51:08.127237558",
      "side": "s",
      "type": "l",
      "misc": ""
    },
    {
      "price": 115079.0,
      "volume": 8.69e-05,
      "timestamp": "2025-08-04 23:51:13.269272804",
      "side": "b",
      "type": "m",
      "misc": ""
    },
    {
      "price": 115078.9,
      "volume": 0.0025,
      "timestamp": "2025-08-04 23:51:13.325621605",
      "side": "s",
      "type": "l",
      "misc": ""
    },
    {
      "price": 115079.0,
      "volume": 0.0173533,
      "timestamp": "2025-08-04 23:51:14.936633825",
      "side": "b",
      "type": "m",
      "misc": ""
    },
    {
      "price": 115079.0,
      "volume": 0.01477106,
      "timestamp": "2025-08-04 23:51:27.121773481",
      "side": "b",
      "type": "m",
      "misc": ""
    },
    {
      "price": 115079.0,
      "volume": 0.00258224,
      "timestamp": "2025-08-04 23:51:27.121773481",
      "side": "b",
      "type": "m",
      "misc": ""
    },
    {
      "price": 115078.9,
      "volume": 0.01737938,
      "timestamp": "2025-08-04 23:51:27.596736908",
      "side": "s",
      "type": "l",
      "misc": ""
    },
    {
      "price": 115079.0,
      "volume": 0.00016266,
      "timestamp": "2025-08-04 23:51:29.838319540",
      "side": "b",
      "type": "l",
      "misc": ""
    },
    {
      "price": 115079.0,
      "volume": 0.01238424,
      "timestamp": "2025-08-04 23:51:32.738009453",
      "side": "b",
      "type": "m",
      "misc": ""
    },
    {
      "price": 115079.0,
      "volume": 0.00171225,
      "timestamp": "2025-08-04 23:51:45.504482985",
      "side": "b",
      "type": "l",
      "misc": ""
    },
    {
      "price": 115078.9,
      "volume": 0.00868975,
      "timestamp": "2025-08-04 23:51:47.656642675",
      "side": "s",
      "type": "l",
      "misc": ""
    },
    {
      "price": 115079.0,
      "volume": 0.00866361,
      "timestamp": "2025-08-04 23:51:49.716761351",
      "side": "b",
      "type": "m",
      "misc": ""
    },
    {
      "price": 115079.0,
      "volume": 0.00866361,
      "timestamp": "2025-08-04 23:51:59.145474434",
      "side": "b",
      "type": "m",
      "misc": ""
    },
    {
      "price": 115079.0,
      "volume": 0.02174291,
      "timestamp": "2025-08-04 23:52:03.770980120",
      "side": "b",
      "type": "l",
      "misc": ""
    },
    {
      "price": 115079.0,
      "volume": 0.04,
      "timestamp": "2025-08-04 23:52:03.770980120",
      "side": "b",
      "type": "l",
      "misc": ""
    },
    {
      "price": 115083.6,
      "volume": 0.02513806,
      "timestamp": "2025-08-04 23:52:03.770980120",
      "side": "b",
      "type": "l",
      "misc": ""
    },
    {
      "price": 115084.8,
      "volume": 0.0211935,
      "timestamp": "2025-08-04 23:52:08.958500862",
      "side": "b",
      "type": "l",
      "misc": ""
    },
    {
      "price": 115084.8,
      "volume": 0.00428063,
      "timestamp": "2025-08-04 23:52:14.903371811",
      "side": "b",
      "type": "l",
      "misc": ""
    },
    {
      "price": 115084.8,
      "volume": 8.646e-05,
      "timestamp": "2025-08-04 23:52:17.463521957",
      "side": "b",
      "type": "l",
      "misc": ""
    },
    {
      "price": 115084.8,
      "volume": 0.00025432,
      "timestamp": "2025-08-04 23:52:23.047861814",
      "side": "b",
      "type": "l",
      "misc": ""
    },
    {
      "price": 115084.8,
      "volume": 0.00021615,
      "timestamp": "2025-08-04 23:52:29.758671284",
      "side": "b",
      "type": "l",
      "misc": ""
    },
    {
      "price": 115084.7,
      "volume": 0.00045,
      "timestamp": "2025-08-04 23:52:40.192274570",
      "side": "s",
      "type": "m",
      "misc": ""
    },
    {
      "price": 115099.9,
      "volume": 0.000368,
      "timestamp": "2025-08-04 23:52:57.079931974",
      "side": "s",
      "type": "l",
      "misc": ""
    },
    {
      "price": 115100.0,
      "volume": 5.43e-05,
      "timestamp": "2025-08-04 23:53:12.873530865",
      "side": "b",
      "type": "l",
      "misc": ""
    },
    {
      "price": 115108.8,
      "volume": 0.00079343,
      "timestamp": "2025-08-04 23:53:12.873530865",
      "side": "b",
      "type": "l",
      "misc": ""
    },
    {
      "price": 115108.8,
      "volume": 0.0001182,
      "timestamp": "2025-08-04 23:53:13.501852989",
      "side": "b",
      "type": "m",
      "misc": ""
    },
    {
      "price": 115108.7,
      "volume": 0.00678391,
      "timestamp": "2025-08-04 23:53:14.664848089",
      "side": "s",
      "type": "l",
      "misc": ""
    },
    {
      "price": 115108.7,
      "volume": 0.00636248,
      "timestamp": "2025-08-04 23:53:14.732984781",
      "side": "s",
      "type": "l",
      "misc": ""
    },
    {
      "price": 115108.7,
      "volume": 0.00697744,
      "timestamp": "2025-08-04 23:53:14.810184479",
      "side": "s",
      "type": "l",
      "misc": ""
    },
    {
      "price": 115108.8,
      "volume": 0.00127097,
      "timestamp": "2025-08-04 23:53:15.672830343",
      "side": "b",
      "type": "l",
      "misc": ""
    },
    {
      "price": 115111.1,
      "volume": 0.00720522,
      "timestamp": "2025-08-04 23:53:15.672830343",
      "side": "b",
      "type": "l",
      "misc": ""
    },
    {
      "price": 115111.1,
      "volume": 0.00042381,
      "timestamp": "2025-08-04 23:53:21.590058327",
      "side": "b",
      "type": "l",
      "misc": ""
    },
    {
      "price": 115111.1,
      "volume": 2.568e-05,
      "timestamp": "2025-08-04 23:53:35.795392990",
      "side": "b",
      "type": "l",
      "misc": ""
    },
    {
      "price": 115111.1,
      "volume": 0.00260618,
      "timestamp": "2025-08-04 23:53:37.974701405",
      "side": "b",
      "type": "m",
      "misc": ""
    },
    {
      "price": 115111.1,
      "volume": 0.00042377,
      "timestamp": "2025-08-04 23:53:50.151157379",
      "side": "b",
      "type": "l",
      "misc": ""
    },
    {
      "price": 115111.1,
      "volume": 0.00028697,
      "timestamp": "2025-08-04 23:53:52.546531439",
      "side": "b",
      "type": "l",
      "misc": ""
    },
    {
      "price": 115111.1,
      "volume": 0.00020189,
      "timestamp": "2025-08-04 23:53:52.546531439",
      "side": "b",
      "type": "l",
      "misc": ""
    },
    {
      "price": 115112.5,
      "volume": 5.43e-05,
      "timestamp": "2025-08-04 23:53:52.546531439",
      "side": "b",
      "type": "l",
      "misc": ""
    },
    {
      "price": 115120.0,
      "volume": 0.00638725,
      "timestamp": "2025-08-04 23:53:52.546531439",
      "side": "b",
      "type": "l",
      "misc": ""
    },
    {
      "price": 115124.9,
      "volume": 5.429e-05,
      "timestamp": "2025-08-04 23:53:52.546531439",
      "side": "b",
      "type": "l",
      "misc": ""
    },
    {
      "price": 115136.5,
      "volume": 0.00987866,
      "timestamp": "2025-08-04 23:53:52.546531439",
      "side": "b",
      "type": "l",
      "misc": ""
    },
    {
      "price": 115137.6,
      "volume": 5.429e-05,
      "timestamp": "2025-08-04 23:53:53.375383615",
      "side": "b",
      "type": "l",
      "misc": ""
    },
    {
      "price": 115137.6,
      "volume": 0.00206445,
      "timestamp": "2025-08-04 23:53:53.375383615",
      "side": "b",
      "type": "l",
      "misc": ""
    },
    {
      "price": 115137.6,
      "volume": 1.711e-05,
      "timestamp": "2025-08-04 23:54:00.620802164",
      "side": "b",
      "type": "l",
      "misc": ""
    },
    {
      "price": 115137.6,
      "volume": 0.00161844,
      "timestamp": "2025-08-04 23:54:06.328681469",
      "side": "b",
      "type": "m",
      "misc": ""
    },
    {
      "price": 115137.6,
      "volume": 0.00620366,
      "timestamp": "2025-08-04 23:54:06.328681469",
      "side": "b",
      "type": "m",
      "misc": ""
    },
    {
      "price": 115137.6,
      "volume": 0.00284599,
      "timestamp": "2025-08-04 23:54:09.126721382",
      "side": "b",
      "type": "m",
      "misc": ""
    },
    {
      "price": 115137.6,
      "volume": 0.00762608,
      "timestamp": "2025-08-04 23:54:09.866588831",
      "side": "b",
      "type": "l",
      "misc": ""
    },
    {
      "price": 115137.6,
      "volume": 8.642e-05,
      "timestamp": "2025-08-04 23:54:33.760084391",
      "side": "b",
      "type": "l",
      "misc": ""
    },
    {
      "price": 115137.5,
      "volume": 0.0021554,
      "timestamp": "2025-08-04 23:54:37.232422113",
      "side": "s",
      "type": "l",
      "misc": ""
    },
    {
      "price": 115125.0,
      "volume": 5.428e-05,
      "timestamp": "2025-08-04 23:54:54.133475779",
      "side": "s",
      "type": "m",
      "misc": ""
    },
    {
      "price": 115121.5,
      "volume": 0.04994572,
      "timestamp": "2025-08-04 23:54:54.133475779",
      "side": "s",
      "type": "m",
      "misc": ""
    },
    {
      "price": 115121.5,
      "volume": 0.2,
      "timestamp": "2025-08-04 23:54:54.133475779",
      "side": "s",
      "type": "m",
      "misc": ""
    },
    {
      "price": 115121.5,
      "volume": 0.05152874,
      "timestamp": "2025-08-04 23:54:55.522731304",
      "side": "s",
      "type": "l",
      "misc": ""
    },
    {
      "price": 115121.5,
      "volume": 2.222e-05,
      "timestamp": "2025-08-04 23:55:00.301905394",
      "side": "s",
      "type": "l",
      "misc": ""
    },
    {
      "price": 115121.6,
      "volume": 5e-05,
      "timestamp": "2025-08-04 23:55:01.291639805",
      "side": "b",
      "type": "m",
      "misc": ""
    },
    {
      "price": 115121.5,
      "volume": 0.02626384,
      "timestamp": "2025-08-04 23:55:04.631553888",
      "side": "s",
      "type": "l",
      "misc": ""
    },
    {
      "price": 115121.5,
      "volume": 5.603e-05,
      "timestamp": "2025-08-04 23:55:08.072275877",
      "side": "s",
      "type": "l",
      "misc": ""
    },
    {
      "price": 115121.6,
      "volume": 0.00434323,
      "timestamp": "2025-08-04 23:55:12.792433739",
      "side": "b",
      "type": "l",
      "misc": ""
    },
    {
      "price": 115121.6,
      "volume": 0.00042373,
      "timestamp": "2025-08-04 23:55:13.210550070",
      "side": "b",
      "type": "l",
      "misc": ""
    },
    {
      "price": 115121.5,
      "volume": 0.00347486,
      "timestamp": "2025-08-04 23:55:27.940309763",
      "side": "s",
      "type": "l",
      "misc": ""
    },
    {
      "price": 115121.6,
      "volume": 0.00042619,
      "timestamp": "2025-08-04 23:55:28.528109550",
      "side": "b",
      "type": "l",
      "misc": ""
    },
    {
      "price": 115121.6,
      "volume": 0.00217162,
      "timestamp": "2025-08-04 23:55:30.220383644",
      "side": "b",
      "type": "m",
      "misc": ""
    },
    {
      "price": 115121.5,
      "volume": 0.15,
      "timestamp": "2025-08-04 23:55:30.586301088",
      "side": "s",
      "type": "m",
      "misc": ""
    },
    {
      "price": 115121.5,
      "volume": 0.091309,
      "timestamp": "2025-08-04 23:55:30.586301088",
      "side": "s",
      "type": "m",
      "misc": ""
    },
    {
      "price": 115121.5,
      "volume": 0.00590292,
      "timestamp": "2025-08-04 23:55:30.586301088",
      "side": "s",
      "type": "m",
      "misc": ""
    },
    {
      "price": 115121.5,
      "volume": 0.00034528,
      "timestamp": "2025-08-04 23:55:30.586301088",
      "side": "s",
      "type": "m",
      "misc": ""
    },
    {
      "price": 115120.0,
      "volume": 0.0002,
      "timestamp": "2025-08-04 23:55:30.586301088",
      "side": "s",
      "type": "m",
      "misc": ""
    },
    {
      "price": 115112.5,
      "volume": 5.429e-05,
      "timestamp": "2025-08-04 23:55:30.586301088",
      "side": "s",
      "type": "m",
      "misc": ""
    },
    {
      "price": 115112.5,
      "volume": 0.00218851,
      "timestamp": "2025-08-04 23:55:30.586301088",
      "side": "s",
      "type": "m",
      "misc": ""
    },
    {
      "price": 115112.8,
      "volume": 4.237e-05,
      "timestamp": "2025-08-04 23:55:31.841607571",
      "side": "b",
      "type": "l",
      "misc": ""
    },
    {
      "price": 115112.8,
      "volume": 0.00084746,
      "timestamp": "2025-08-04 23:55:35.239497185",
      "side": "b",
      "type": "l",
      "misc": ""
    },
    {
      "price": 115112.8,
      "volume": 8.687e-05,
      "timestamp": "2025-08-04 23:55:38.109784126",
      "side": "b",
      "type": "m",
      "misc": ""
